%% Created using Papers on Thu, 26 Mar 2020.
%% http://papersapp.com/papers/

@article{10.1145/3019134,
author = {Clarkson, Kenneth L and Woodruff, David P},
title = {{Low-Rank Approximation and Regression in Input Sparsity Time}},
journal = {J. ACM},
year = {2017},
volume = {63},
number = {6},
pages = {1--45},
month = feb
}

@article{Emile:2016ie,
author = {Emile, Janine and Tabuteau, Herve},
title = {{Effect of the initial particle volume fraction on the structure of a drying colloidal deposit}},
journal = {Colloid and Surfaces A: Physicochemecal and Engineering Aspects},
year = {2016},
volume = {511},
pages = {201--211},
month = dec
}

@article{Anonymous:44zdXVwG,
title = {{Confirmation Sampling for Exact Nearest Neighbor Search 
}},
year = {2018},
pages = {1--12},
month = dec
}

@article{Anonymous:iy1Qekro,
title = {{Dual Principal Component Pursuit: Probability Analysis and Efficient Algorithms 
}},
year = {2018},
pages = {1--57},
month = dec
}

@article{Shen:2018uo,
author = {Shen, Zebang and Qian, Hui and Zhang, Chao and Zhou, Tengfei},
title = {{Accelerated Variance Reduced Block Coordinate Descent 
}},
year = {2018},
pages = {1--20},
month = sep
}

@article{Burkhart:2017hm,
author = {Burkhart, Collin T and Maki, Kara L and Schertzer, Michael J},
title = {{Effects of Interface Velocity, Diffusion Rate, and Radial Velocity on Colloidal Deposition Patterns Left by Evaporating Droplets}},
journal = {JOURNAL OF HEAT TRANSFER-TRANSACTIONS OF THE ASME},
year = {2017},
volume = {139},
number = {11, SI},
pages = {111505},
month = nov,
annote = {1st International Workshop on New Understanding in Nanoscale/Microscale Phase Change Phenomena, Trondheim, NORWAY, JUN 12-16, 2016}
}

@article{Cartis:2009fq,
author = {Cartis, Coralia and Gould, Nicholas I M and Toint, Philippe L},
title = {{Adaptive cubic regularisation methods for unconstrained optimization. Part I: motivation, convergence and numerical results}},
journal = {Mathematical Programming},
year = {2009},
volume = {127},
number = {2},
pages = {245--295},
month = may
}

@article{Thiele:2014ds,
author = {Thiele, Uwe},
title = {{Patterned deposition at moving contact lines}},
journal = {Advances in Colloid and Interface Science},
year = {2014},
volume = {206},
number = {SI},
pages = {399--413},
month = apr
}

@article{Thokchom:2016co,
author = {Thokchom, Ashish Kumar and Majumder, Subrata Kumar and Singh, Anugrah},
title = {{Internal fluid motion and particle transport in externally heated sessile droplets}},
journal = {AIChE Journal},
year = {2016},
volume = {62},
number = {4},
pages = {1308--1321},
month = apr
}

@article{Kolte:2015vn,
author = {Kolte, Ritesh and Erdogdu, Murat and Ozgur, Ayfer},
title = {{Accelerating SVRG via second-order information}},
year = {2015},
pages = {1--5},
month = dec
}

@article{Anonymous:ebeF0ZrL,
title = {{arXiv:1503.08235v3 [math.NA] 1 Feb 2018}},
year = {2018},
pages = {1--16},
month = feb
}

@article{Espin:2014gl,
author = {Espin, Leonardo and Kumar, Satish},
title = {{Sagging of Evaporating Droplets of Colloidal Suspensions on Inclined Substrates}},
journal = {langmuir},
year = {2014},
volume = {30},
number = {40},
pages = {11966--11974},
month = oct
}

@article{He:2017fh,
author = {He, Pei and Derby, Brian},
title = {{Controlling Coffee Ring Formation during Drying of Inkjet Printed 2D Inks}},
journal = {ADVANCED MATERIALS INTERFACES},
year = {2017},
volume = {4},
number = {22},
month = nov
}

@article{Ganguli:2012bx,
author = {Ganguli, Surya and Sompolinsky, Haim},
title = {{Compressed Sensing, Sparsity, and Dimensionality in Neuronal Information Processing and Data Analysis}},
journal = {ezproxy-prd.bodleian.ox.ac.uk},
year = {2012},
month = jun
}

@article{Gerken:2017hv,
author = {Gerken, William J and Oehlschlaeger, Matthew A},
title = {{Modeling nanofluid sessile drop evaporation}},
journal = {Heat and Mass Transfer},
year = {2017},
volume = {53},
number = {7},
pages = {2341--2349},
month = jul
}

@article{Son:2015bt,
author = {Son, G},
title = {{Numerical simulation of particle-laden droplet evaporation with the Marangoni effect}},
journal = {EUROPEAN PHYSICAL JOURNAL-SPECIAL TOPICS},
year = {2015},
volume = {224},
number = {2},
pages = {401--413},
month = mar
}

@article{Dogru:2017ka,
author = {Dogru, Itir Bakis and Soz, Cagla Kosak and Press, Daniel Aaron and Melikov, Rustamzhon and Begar, Efe and Conkar, Deniz and Karalar, Elif Nur Firat and Yilgor, Emel and Yilgor, Iskender and Nizamoglu, Sedat},
title = {{3D coffee stains}},
journal = {MATERIALS CHEMISTRY FRONTIERS},
year = {2017},
volume = {1},
number = {11},
pages = {2360--2367},
month = nov
}

@book{Atkinson:1977es,
author = {Atkinson, R C and Shiffrin, R M},
title = {{HUMAN MEMORY: A PROPOSED SYSTEM AND ITS CONTROL PROCESSES11This research was supported by the National Aeronautics and Space Administration, Grant No. NGR-05{\textendash}020-036. The authors are indebted to W. K. Estes and G. H. Bower who provided many valuable suggestions and comments at various stages of the work. Special credit is due J. W. Brelsford who was instrumental in carrying out the research discussed in Section IV and whose overall contributions are too numerous to report in detail. We should also like to thank those co-workers who carried out a number of the experiments discussed in the latter half of the paper; rather than list them here, each will be acknowledged at the appropriate place.}},
publisher = {Academic Press, Inc.},
year = {1977}
}

@article{Choy:2014bt,
author = {Choy, Sarojni and Delahaye, Brian L and Saggers, Beth},
title = {{Developing learning cohorts for postgraduate research degrees}},
journal = {The Australian Educational Researcher},
year = {2014},
volume = {42},
number = {1},
pages = {19--34},
month = apr
}

@article{vanderKooij:2016ha,
author = {van der Kooij, Hanne M and van de Kerkhof, Gea T and Sprakel, Joris},
title = {{A mechanistic view of drying suspension droplets}},
journal = {Soft Matter},
year = {2016},
volume = {12},
number = {11},
pages = {2858--2867}
}

@article{Zhao:2018de,
author = {Zhao, Mingfei and Yong, Xin},
title = {{Nanoparticle motion on the surface of drying droplets}},
journal = {PHYSICAL REVIEW FLUIDS},
year = {2018},
volume = {3},
number = {3},
month = mar
}

@article{Anonymous:HBM7pc6L,
title = {{Scalable Gaussian Process Computations Using Hierarchical Matrices}},
year = {2018},
pages = {1--22},
month = aug
}

@article{OYMAK:2018bg,
author = {OYMAK, SAMET and Recht, Benjamin and Soltanolkotabi, Mahdi},
title = {{Isometric sketching of any set via the Restricted Isometry Property}},
journal = {Information and Inference: A Journal of the IMA},
year = {2018},
volume = {66},
pages = {671--20},
month = mar
}

@article{Saada:2016eb,
author = {Saada, Mebrouk Ait and Chikh, Salah and Tadrist, Lounes},
title = {{A NUMERICAL STUDY OF PARTICLE TRANSPORT IN AN EVAPORATING COLLOIDAL SESSILE DROPLET}},
journal = {INTERFACIAL PHENOMENA AND HEAT TRANSFER},
year = {2016},
volume = {4},
number = {4},
pages = {217--233}
}

@article{Raskutti:2015aa,
author = {Raskutti, Garvesh and Mahoney, Michael},
title = {{A statistical perspective on randomized sketching for ordinary least-squares}},
journal = {arXiv eprint},
year = {2015}
}

@article{Crivoi:2013jp,
author = {Crivoi, A and Duan, Fei},
title = {{Elimination of the Coffee-Ring Effect by Promoting Particle Adsorption and Long-Range Interaction}},
journal = {langmuir},
year = {2013},
volume = {29},
number = {39},
pages = {12067--12074},
month = oct
}

@article{Boutsidis:2009aa,
author = {Boutsidis, Christos and Drineas, Petros},
title = {{Random projections for the nonnegative least-squares problem}},
journal = {Linear Algebra and its Applications},
year = {2009},
volume = {431},
number = {5-7},
pages = {760--771},
month = aug
}

@article{Li:2006cf,
author = {Li, Na and Saad, Yousef},
title = {{MIQR: A Multilevel Incomplete QR Preconditioner for Large Sparse Least-Squares Problems}},
journal = {SIAM Journal on Matrix Analysis and Applications},
year = {2006},
month = jul
}

@article{Soltman:2008fv,
author = {Soltman, Dan and Subramanian, Vivek},
title = {{Inkjet-printed line morphologies and temperature control of the coffee ring effect}},
journal = {langmuir},
year = {2008},
volume = {24},
number = {5},
pages = {2224--2231},
month = mar
}

@article{Rokhlin:2008wb,
author = {Rokhlin, Vladimir and Tygert, Mark},
title = {{A fast randomized algorithm for overdetermined linear least-squares regression}},
journal = {Proceedings of the National Academy of Sciences of the United States of America},
year = {2008},
volume = {105},
pages = {13212--7},
month = sep
}

@article{HIGHAM:1988vk,
author = {HIGHAM, NICHOLAS J},
title = {{FORTRAN Codes for Estimating the One-Norm of a Real or Complex Matrix, with Applications to Condition Estimation}},
year = {1988},
pages = {1--16},
month = jun
}

@article{10.1145/3014057,
author = {Gould, Nicholas and Scott, Jennifer},
title = {{The State-of-the-Art of Preconditioners for Sparse Linear Least-Squares Problems}},
journal = {ACM Transactions on Mathematical Software (TOMS)},
year = {2017},
volume = {43},
number = {4},
month = jan
}

@article{Boyer:2011hf,
author = {Boyer, Fran{\c c}ois and Guazzelli, {\'E}lisabeth and Pouliquen, Olivier},
title = {{Unifying Suspension and Granular Rheology}},
journal = {Physical Review Letters},
year = {2011},
volume = {107},
number = {18},
pages = {188301--5},
month = oct
}

@article{Anonymous:84wyxLyB,
title = {{A unified framework for Bregman proximal methods: subgradient, gradient, and accelerated gradient schemes}},
year = {2018},
pages = {1--22},
month = dec
}

@article{Masters:2018uh,
author = {Masters, Dominic and Luschi, Carlo},
title = {{REVISITING SMALL BATCH TRAINING FOR DEEP NEURAL NETWORKS 
}},
year = {2018},
pages = {1--18},
month = apr
}

@book{doi:10.1137/1.9780898719857,
author = {Conn, Andrew R and Gould, Nicholas I M and Toint, Philippe L},
title = {{Trust Region Methods}},
publisher = {Society for Industrial and Applied Mathematics},
year = {2000}
}

@article{Zhao:2017bs,
author = {Zhao, Mingfei and Yong, Xin},
title = {{Modeling Evaporation and Particle Assembly in Colloidal Droplets}},
journal = {langmuir},
year = {2017},
volume = {33},
number = {23},
pages = {5734--5744},
month = jun
}

@article{Parlett:1998wl,
author = {{Parlett}},
title = {{The symmetric eigenvalue problem, book, Subspace Iteration}},
year = {1998},
pages = {1--15},
month = may
}

@article{Anonymous:o7_YBtvJ,
title = {{arXiv:1812.09824v1 [cs.DS] 24 Dec 2018}},
year = {2018},
pages = {1--19},
month = dec
}

@article{Poggio:2018uh,
author = {Poggio, T},
title = {{Theory of Deep Learning III: explaining the non-overfitting puzzle}},
year = {2018},
pages = {1--36},
month = jan
}

@article{DiLeonardo:2008ja,
author = {Di Leonardo, R and Saglimbeni, F and Ruocco, G},
title = {{Very-Long-Range Nature of Capillary Interactions in Liquid Films}},
journal = {Physical Review Letters},
year = {2008},
volume = {100},
number = {10},
pages = {5--4},
month = mar
}

@article{Anonymous:hZ13uVvB,
title = {{Anisotropic local laws for random matrices 
}},
year = {2016},
pages = {1--80},
month = aug
}

@article{Bandeira:2014fx,
author = {Bandeira, A S and Scheinberg, K and Vicente, L N},
title = {{Convergence of Trust-Region Methods Based on Probabilistic Models}},
journal = {SIAM Journal on Optimization},
year = {2014},
volume = {24},
number = {3},
pages = {1238--1264},
month = jan
}

@article{ISI:000275995100006,
author = {Girard, Fabien and Antoni, Mickael and Sefiane, Khellil},
title = {{Infrared Thermography Investigation of an Evaporating Sessile Water Droplet on Heated Substrates}},
journal = {langmuir},
year = {2010},
volume = {26},
number = {7},
pages = {4576--4580},
month = apr
}

@article{Liberty:2013aa,
author = {Liberty, Edo},
title = {{Simple and deterministic matrix sketching}},
journal = {Proceedings of the 19th ACM SIGKDD international conference on Knowledge discovery and data mining - KDD '13},
year = {2013}
}

@article{Adamczak:2009ud,
author = {Adamczak, Radoslaw},
title = {{Quantitative estimates of the convergence of the empirical covariance matrix in Log-concave Ensembles}},
year = {2009},
pages = {1--38},
month = oct
}

@article{Bah:2013aa,
author = {Bah, Bubacarr and Tanner, Jared},
title = {{Vanishingly Sparse Matrices and Expander Graphs, With Application to Compressed Sensing}},
journal = {IEEE Transactions on Information Theory},
year = {2013},
volume = {59},
number = {11},
pages = {7491--7508},
month = nov
}

@article{Hofmann:2008kf,
author = {Hofmann, Thomas and Sch{\"o}lkopf, Bernhard and Smola, Alexander J},
title = {{Kernel methods in machine learning}},
journal = {The Annals of Statistics},
year = {2008},
volume = {36},
number = {3},
pages = {1171--1220},
month = jun
}

@article{Achlioptas:2003aa,
author = {Achlioptas, Dimitris},
title = {{Database-friendly random projections: Johnson-Lindenstrauss with binary coins}},
journal = {Journal of Computer and System Sciences},
year = {2003},
volume = {66},
number = {4},
pages = {671--687},
month = jun
}

@article{Papadimitriou:2000aa,
author = {Papadimitriou, Christos H and Raghavan, Prabhakar and Tamaki, Hisao and Vempala, Santosh},
title = {{Latent Semantic Indexing: A Probabilistic Analysis}},
journal = {Journal of Computer and System Sciences},
year = {2000},
volume = {61},
number = {2},
pages = {217--235},
month = oct
}

@article{ISI:000349755300019,
author = {Baldwin, Kyle Anthony and Fairhurst, David John},
title = {{Classifying dynamic contact line modes in drying drops}},
journal = {Soft Matter},
year = {2015},
volume = {11},
number = {8},
pages = {1628--1633}
}

@article{Duff:2018vn,
author = {{Duff} and {Meurant}},
title = {{The Effect of ordering on preconditioned conjugate gradients}},
year = {2018},
pages = {1--23},
month = dec
}

@article{Hardt:2016vy,
author = {Hardt, moritz and Recht, Benjamin and Singer, Yoram},
title = {{Train faster, generalize better: Stability of stochastic gradient descent 
}},
year = {2016},
pages = {1--32},
month = feb
}

@article{Bottou:2019wl,
author = {Bottou, Leon and Bousquet, Olivier},
title = {{The Tradeoffs of Large Scale Learning}},
year = {2019},
pages = {1--8},
month = aug
}

@inproceedings{Ailon:2006ab,
author = {Ailon, Nir and Chazelle, Bernard},
title = {{Approximate nearest neighbors and the fast Johnson-Lindenstrauss transform}},
booktitle = {the thirty-eighth annual ACM symposium},
year = {2006},
pages = {557},
publisher = {ACM Press},
address = {New York, New York, USA}
}

@article{Reddi:2019wc,
author = {Reddi, Sashank and Kale, Sayyen and Kumar, Sanjiv},
title = {{ON THE CONVERGENCE OF ADAM AND BEYOND 
}},
year = {2019},
pages = {1--23},
month = apr
}

@article{Cline:1979ue,
author = {Cline, A K},
title = {{An Estimate for the Condition Number of a Matrix 
}},
year = {1979},
pages = {1--9},
month = nov
}

@webpage{Martinsson:2018up,
author = {Martinsson, Per-Gunnar},
title = {{Randomized Projection Methods in Linear Algebra and Data Analysis}},
year = {2018},
month = dec
}

@article{Zhang:2017ve,
author = {Zhang, Chiyuan},
title = {{UNDERSTANDING DEEP LEARNING REQUIRES RE- THINKING GENERALIZATION 
}},
year = {2017},
pages = {1--15},
month = feb
}

@article{Richtarik:2019wl,
author = {Richt{\'a}rik, Peter},
title = {{SAGA with Arbitrary Sampling}},
year = {2019},
pages = {1--26},
month = jan
}

@article{Belkin:2018ws,
author = {Belkin, Mikhail},
title = {{To Understand Deep Learning We Need to Understand Kernel Learning 
}},
year = {2018},
pages = {1--19},
month = jun
}

@article{Meng:2014ib,
author = {Meng, Xiangrui and Saunders, Michael A and Mahoney, Michael W},
title = {{LSRN: A Parallel Iterative Solver for Strongly Over- or Underdetermined Systems}},
journal = {SIAM Journal on Scientific Computing},
year = {2014},
volume = {36},
number = {2},
pages = {C95--C118},
month = jan,
annote = {doi: 10.1137/120866580}
}

@article{Jin:2007wz,
author = {{Jin}},
title = {{Einstein{\textquoteright}s Miraculous year: 1905}},
year = {2007},
pages = {1--16},
month = jun
}

@article{Dasgupta:2017ci,
author = {Dasgupta, Sanjoy and Stevens, Charles F and Navlakha, Saket},
title = {{A neural algorithm for a fundamental computing problem}},
journal = {Science},
year = {2017},
volume = {358},
number = {6364},
pages = {793--796},
month = nov
}

@article{StephenBecker:2017wc,
author = {Stephen Becker, Ban Kawas Marek Petrik},
title = {{Robust Partially-Compressed Least-Squares}},
year = {2017},
pages = {1--7},
month = jan
}

@article{Anonymous:riucoArJ,
title = {{arXiv:1503.01663v1 [cs.DS] 5 Mar 2015}},
year = {2015},
pages = {1--11},
month = mar
}

@article{Bertsimas:2018vt,
author = {Bertsimas, Dimitris and Stellato, Bartolomeo},
title = {{The Voice of Optimization}},
year = {2018},
pages = {1--31},
month = dec
}

@article{zhang:2019vn,
author = {zhang, zhihua and Wang, liwei},
title = {{A Gram-Gauss-Newton Method Learning Overparameterized Deep Neural Networks for Regression Problems 
}},
year = {2019},
pages = {1--13},
month = may
}

@article{Molchanov:2017gk,
author = {Molchanov, S P and Roldughin, V I and Chernova-Kharaeva, I A and Senchikhin, I N},
title = {{Mechanisms of Depinning Accompanying Evaporation of Colloidal Dispersion Droplets}},
journal = {Colloid Journal},
year = {2017},
volume = {79},
number = {4},
pages = {515--525},
month = jul
}

@article{Ghosh:2014vo,
author = {Ghosh, Soumyadip and Hashemi, Fatemeh S and Pasupathy, Raghu},
title = {{ON ADAPTIVE SAMPLING RULES FOR STOCHASTIC RECURSIONS}},
year = {2014},
pages = {1--12},
month = jul
}

@article{Needell:2015aa,
author = {Needell, Deanna and Zhao, Ran and Zouzias, Anastasios},
title = {{Randomized block Kaczmarz method with projection for solving least squares}},
journal = {Linear Algebra and its Applications},
year = {2015},
volume = {484},
pages = {322--343},
month = nov
}

@article{10.1145/3019134,
author = {Clarkson, Kenneth L and Woodruff, David P},
title = {{Low-Rank Approximation and Regression in Input Sparsity Time}},
journal = {J. ACM},
year = {2017},
volume = {63},
number = {6},
month = jan
}

@article{Anonymous:XcdoUG4f,
title = {{Google News Personalization: Scalable Online Collaborative Filtering}},
year = {2007},
pages = {1--10},
month = feb
}

@article{Lindsay:2013dc,
author = {Lindsay, Alan E},
title = {{AN ASYMPTOTIC STUDY OF BLOW UP MULTIPLICITY IN FOURTH ORDER PARABOLIC PARTIAL DIFFERENTIAL EQUATIONS. 
}},
journal = {arXiv eprint},
year = {2013},
pages = {1--32},
month = jul
}

@inproceedings{10.5555/2884435.2884456,
author = {Cohen, Michael B},
title = {{Nearly Tight Oblivious Subspace Embeddings by Trace Inequalities}},
booktitle = {Proceedings of the Twenty-Seventh Annual ACM-SIAM Symposium on Discrete Algorithms},
year = {2016},
pages = {278--287},
publisher = {Society for Industrial and Applied Mathematics},
address = {USA}
}

@article{Tikhomirov:2015fz,
author = {Tikhomirov, Konstantin},
title = {{The limit of the smallest singular value of random matrices with i.i.d. entries}},
journal = {Advances in Mathematics},
year = {2015},
volume = {284},
number = {C},
pages = {1--20},
month = oct
}

@article{Chen:2018vd,
author = {Chen, Long and Wu, Huiwen},
title = {{A Preconditioner based on Non-uniform Row Sampling for Linear Least Squares Problems}},
journal = {arxiv.org
},
year = {2018},
eprint = {1806.02968},
eprinttype = {arxiv},
month = jun
}

@article{Drineas:2006aa,
author = {Drineas, Petros and Mahoney, Michael W and Muthukrishnan, S},
title = {{Sampling algorithms for l2 regression and applications}},
journal = {Proceedings of the seventeenth annual ACM-SIAM symposium on Discrete algorithm - SODA '06},
year = {2006}
}

@article{Ghashami:2014aa,
author = {Ghashami, Mina and Desai, Amey and Phillips, Jeff M},
title = {{Improved Practical Matrix Sketching with Guarantees}},
journal = {Lecture Notes in Computer Science},
year = {2014},
pages = {467--479}
}

@article{Vogel:1994wc,
author = {{Vogel} and {Wade}},
title = {{ITERATIVE SVD-BASED METHODS FOR ILL-POSED PROBLEMS

}},
year = {1994},
pages = {1--19},
month = nov
}

@article{Anonymous:pYQ88iJM,
title = {{Massively scalable Sinkhorn distances via the Nystr ̈om method 
}},
year = {2018},
pages = {1--38},
month = dec
}

@article{Leng:2010eb,
author = {Leng, Jacques},
title = {{Drying of a colloidal suspension in confined geometry}},
journal = {Physical Review E},
year = {2010},
volume = {82},
number = {2, 1},
month = aug
}

@article{Mampallil:2018hk,
author = {Mampallil, Dileep and Eral, Huseyin Burak},
title = {{A review on suppression and utilization of the coffee-ring effect}},
journal = {Advances in Colloid and Interface Science},
year = {2018},
volume = {252},
pages = {38--54},
month = feb
}

@article{Oliveira:2010vk,
author = {{Oliveira}},
title = {{Sums of random Hermitian matrices and an inequality by Rudelson}},
year = {2010},
pages = {1--12},
month = apr
}

@article{Coakley:2011aa,
author = {Coakley, E S and Rokhlin, V and Tygert, M},
title = {{A Fast Randomized Algorithm for Orthogonal Projection}},
journal = {SIAM Journal on Scientific Computing},
year = {2011},
volume = {33},
number = {2},
pages = {849--868},
month = jan
}

@article{Scarlett:2016aa,
author = {Scarlett, Jonathan and Cevher, Volkan},
title = {{Limits on Sparse Support Recovery via Linear Sketching with Random Expander Matrices}},
journal = {Proceedings of the International Con- ference on Artificial Intelligence and Statistics},
year = {2016}
}

@article{Anonymous:tpMVr09-,
title = {{arXiv:1802.06749v3 [cs.LG] 5 Sep 2018}},
year = {2018},
pages = {1--21},
month = sep
}

@article{Shi:2017uw,
author = {Shi, Hao-Jun Michael},
title = {{A primer on Coordinate Descent Algorithms}},
year = {2017},
pages = {1--57},
month = jan
}

@article{Crivoi:2015co,
author = {Crivoi, A and Zhong, X and Duan, Fei},
title = {{Crossover from the coffee-ring effect to the uniform deposit caused by irreversible cluster-cluster aggregation}},
journal = {Physical Review E},
year = {2015},
volume = {92},
number = {3},
month = sep
}

@article{Wray:2017ho,
author = {Wray, A W and Che, Z and Matar, O K and Valluri, P and Kim, J and Sefiane, K and enz, P J S aacute},
title = {{Dynamics and universal scaling law in geometrically-controlled sessile drop evaporation}},
journal = {Nature Communications},
year = {2017},
volume = {8},
pages = {1--9},
month = mar
}

@article{Cohen:2018wf,
author = {Cohen, Michael B},
title = {{\textbf{Sparse Approximations, Iterative Methods, and Faster Algorithms for Matrices and Graphs }
}},
year = {2018},
pages = {1--460},
month = nov
}

@article{Nelson:2013ab,
author = {Nelson, Jelani and Nguyen, Huy L},
title = {{OSNAP: Faster Numerical Linear Algebra Algorithms via Sparser Subspace Embeddings}},
journal = {2013 IEEE 54th Annual Symposium on Foundations of Computer Science},
year = {2013},
month = oct
}

@article{:2015wc,
author = {Murat A Erdogdu and Montanari, Andrea},
title = {{Convergence rates of sub-sampled Newton methods 
}},
year = {2015},
pages = {1--31},
month = dec
}

@article{Wang:2017aa,
author = {Wang, Jialei and Lee, Jason D and Mahdavi, Mehrdad and Kolar, Mladen and Srebro, Nathan},
title = {{Sketching meets random projection in the dual: A provable recovery algorithm for big and high-dimensional data}},
journal = {Electronic Journal of Statistics},
year = {2017},
volume = {11},
number = {2},
pages = {4896--4944}
}

@article{Brutin:2018ha,
author = {Brutin, D and Starov, V},
title = {{Recent advances in droplet wetting and evaporation}},
journal = {Chemical Society Reviews},
year = {2018},
volume = {47},
number = {2},
pages = {558--585},
month = jan
}

@article{Anonymous:Grh12NV3,
title = {{AnchorHash: A Scalable Consistent Hash}},
year = {2018},
pages = {1--9},
month = dec
}

@article{ISI:000369774400025,
author = {Antoine, C and Irvoas, J and Schwarzenberger, K and Eckert, K and Wodlei, F and Pimienta, V},
title = {{Self-Pinning on a Liquid Surface}},
journal = {Journal of Physical Chemistry Letters},
year = {2016},
volume = {7},
number = {3},
pages = {520--524},
month = feb
}

@article{Kane:2012aa,
author = {Kane, Daniel M and Nelson, Jelani},
title = {{Sparser Johnson-Lindenstrauss Transforms}},
journal = {Proceedings of the Twenty-Third Annual ACM-SIAM Symposium on Discrete Algorithms},
year = {2014},
pages = {1195--1206},
month = jan
}

@article{Gower:2019wz,
author = {Gower, Robert M},
title = {{Accelerated Stochastic Matrix Inversion: General Theory and Speeding up BFGS Rules for Faster Second-Order Optimization}},
year = {2019},
pages = {1--11},
month = aug
}

@article{ISI:000183707800012,
author = {Jett, Q R and George, J M},
title = {{Work interrupted: A closer look at the role of interruptions in organizational life}},
journal = {ACADEMY OF MANAGEMENT REVIEW},
year = {2003},
volume = {28},
number = {3},
pages = {494--507},
month = jul
}

@article{Nesterov:2012aa,
author = {Nesterov, Yu},
title = {{Efficiency of Coordinate Descent Methods on Huge-Scale Optimization Problems}},
journal = {SIAM Journal on Optimization},
year = {2012},
volume = {22},
number = {2},
pages = {341--362},
month = jan
}

@article{Jung:2014gt,
author = {Jung, Narina and Yoo, Chun Sang and Leo, Perry H},
title = {{Instability Deposit Patterns in an Evaporating Droplet}},
journal = {The Journal of Physical Chemistry B},
year = {2014},
volume = {118},
number = {9},
pages = {2535--2543},
month = mar
}

@article{Tu:2016vt,
author = {Tu, Stephen and Recht, Benjamin},
title = {{Large Scale Kernel Learning using Block Coordinate Descent 
}},
year = {2016},
pages = {1--20},
month = feb
}

@article{Anonymous:lFf0pWQA,
title = {{A note on solving nonlinear optimization problems in variable precision}},
year = {2018},
pages = {1--11},
month = dec
}

@article{Anonymous:m7oISWLF,
title = {{Nonlinear Dimensionality Reduction by Locally Linear Embedding}},
year = {2000},
pages = {1--5},
month = dec
}

@article{Anonymous:55fTYuJt,
title = {{6993}},
year = {2018},
pages = {1--14},
month = dec
}

@article{Doumenc:2010gf,
author = {Doumenc, F and Guerrier, B},
title = {{Drying of a Solution in a Meniscus: A Model Coupling the Liquid and the Gas Phases}},
journal = {langmuir},
year = {2010},
volume = {26},
number = {17},
pages = {13959--13967},
month = sep
}

@article{Bassily:2018tc,
author = {Bassily, Raef and Belkin, Mikhail and Ma, Siyuan},
title = {{On exponential convergence of SGD in non-convex over-parametrized learning}},
journal = {arXiv.org},
year = {2018},
eprint = {1811.02564v1},
eprinttype = {arxiv},
eprintclass = {math.OC},
month = nov
}

@article{Shi:2016bq,
author = {Shi, Baiou and Webb III, Edmund B},
title = {{Self-pinning of a nanosuspension droplet: Molecular dynamics simulations}},
journal = {Physical Review E},
year = {2016},
volume = {94},
number = {1},
pages = {012614},
month = jul
}

@article{Saunders:2015ve,
author = {Saunders, Michael},
title = {{MS{\&}E 318 (CME 338) Large-Scale Numerical Optimization}},
year = {2015},
pages = {1--6},
month = mar
}

@article{Dasgupta:2010un,
author = {Dasgupta, Anirban and Kumar, Ravi and {Tam{\'a}s Sarl{\'o}s}},
title = {{A Sparse Johnson--Lindenstrauss Transform}},
journal = {arXiv.org},
year = {2010},
eprint = {1004.4240v1},
eprinttype = {arxiv},
eprintclass = {cs.DS},
month = apr,
annote = {10 pages, conference version.}
}

@article{Drineas:2010aa,
author = {Drineas, Petros and Mahoney, Michael W and Muthukrishnan, S and Sarlos, Tamas},
title = {{Faster least squares approximation}},
journal = {Numerische Mathematik},
year = {2010},
volume = {117},
number = {2},
pages = {219--249},
month = oct
}

@article{Anonymous:Uf-H3yT4,
title = {{arXiv:1901.09149v1 [cs.LG] 26 Jan 2019}},
year = {2019},
pages = {1--44},
month = jan
}

@article{Vysotskii:2017dw,
author = {Vysotskii, V V and Roldughin, V I and Uryupina, O Ya and Senchikhin, I N and Zaitseva, A V},
title = {{Effect of temperature on ring-shaped-deposit formated at evaporation of droplets of silver-nanoparticle dispersions}},
journal = {Colloid Journal},
year = {2017},
volume = {79},
number = {2},
pages = {190--197},
month = mar
}

@article{Litvak:2012uv,
author = {Litvak, Alexander E and Rivasplata, Omar},
title = {{Smallest singular value of sparse random matrices}},
year = {2012},
pages = {1--25},
month = aug
}

@inproceedings{Sen:2010vh,
author = {Sen, D and Melo, J S and Bahadur, J and Mazumder, S and Bhattacharya, S and Souza, S F D},
title = {{Morphological deformation during evaporation induced assembly of mixed colloidal suspension}},
booktitle = {INTERNATIONAL CONFERENCE ON PHYSICS OF EMERGING FUNCTIONAL MATERIALS (PEFM-2010)},
year = {2010},
editor = {Aswal, D K and Debnath, A K},
pages = {97--97},
annote = {International Conference on Physics of Emerging Functional Materials, Bhabha Atom Res Ctr, Mumbai, INDIA, SEP 22-24, 2010}
}

@article{Andoni:2017aa,
author = {Andoni, Alex and Razenshteyn, Ilya and Aalto, Max},
title = {{COMS W6998-5: Algorithms through Geometric Lens (Fall'17), Lecture notes}},
journal = {Lecture notes},
year = {2017}
}

@article{Li:2006cfa,
author = {Li, Na and Saad, Yousef},
title = {{MIQR: A Multilevel Incomplete QR Preconditioner for Large Sparse Least-Squares Problems}},
journal = {SIAM Journal on Matrix Analysis and Applications},
year = {2006},
volume = {28},
number = {2},
pages = {524--550},
month = jan
}

@article{Scott:2014ix,
author = {Scott, Jennifer and T{\r{u}}ma, Miroslav},
title = {{On Positive Semidefinite Modification Schemes for Incomplete Cholesky Factorization}},
journal = {SIAM Journal on Scientific Computing},
year = {2014},
volume = {36},
number = {2},
pages = {A609--A633},
month = jan
}

@article{Anonymous:COqH7rcR,
author = {Gower, Robert and Kovalev, Dmitry and Lieder, Felix and Richt{\'a}rik, Peter},
title = {{RSN: Randomized Subspace Newton 
}},
year = {2019},
pages = {1--22},
month = may
}

@article{Amari:2012wc,
author = {Amari, Shun-ichi},
title = {{\textbf{Natural Gradient Works Efficiently in Learning }
}},
year = {2012},
pages = {1--36},
month = mar
}

@article{Kant:2018cv,
author = {Kant, Pallav and Hazel, Andrew L and Dowling, Mark and Thompson, Alice B and Juel, Anne},
title = {{Sequential deposition of microdroplets on patterned surfaces}},
journal = {Soft Matter},
year = {2018},
volume = {3},
pages = {335}
}

@article{WenBin:2013ip,
author = {Wen-Bin, Zhang and Long-Guang, Liao and Tong-Xu, Yu and Ai-Ling, Ji},
title = {{Ring deposition of drying suspension droplets}},
journal = {ACTA PHYSICA SINICA},
year = {2013},
volume = {62},
number = {19},
pages = {196102--196102},
month = oct
}

@article{POLYAK:1991wa,
author = {POLYAK, B T and JUDITSKY, A B},
title = {{ACCELERATION OF STOCHASTIC APPROXIMATION BY AVERAGING 
}},
year = {1991},
pages = {1--18},
month = aug
}

@inproceedings{10.5555/3327345.3327444,
author = {Freksen, Casper and Kamma, Lior and Larsen, Kasper Green},
title = {{Fully Understanding the Hashing Trick}},
booktitle = {Proceedings of the 32nd International Conference on Neural Information Processing Systems},
year = {2018},
pages = {5394--5404},
publisher = {Curran Associates Inc.},
address = {Red Hook, NY, USA}
}

@article{10.1145/355984.355989,
author = {Paige, Christopher C and Saunders, Michael A},
title = {{LSQR: An Algorithm for Sparse Linear Equations and Sparse Least Squares}},
journal = {ACM Transactions on Mathematical Software (TOMS)},
year = {1982},
volume = {8},
number = {1},
pages = {43--71},
month = mar
}

@article{Anonymous:n3yvfLpn,
title = {{On the Exact Space Complexity of Sketching and Streaming Small Norms}},
year = {2009},
pages = {1--18},
month = oct
}

@incollection{NIPS2019_9656,
author = {Jagadeesan, Meena},
title = {{Understanding Sparse JL for Feature Hashing}},
booktitle = {Advances in Neural Information Processing Systems 32},
year = {2019},
editor = {Wallach, H and Larochelle, H and Beygelzimer, A and Buc, F d Alch e and Fox, E and Garnett, R},
pages = {15203--15213},
publisher = {Curran Associates, Inc.}
}

@article{Charikar:2004aa,
author = {Charikar, Moses and Chen, Kevin and Farach-Colton, Martin},
title = {{Finding frequent items in data streams}},
journal = {Theoretical Computer Science},
year = {2004},
volume = {312},
number = {1},
pages = {3--15},
month = jan
}

@article{Dolan:2002du,
author = {Dolan, Elizabeth D and Mor{\'e}, Jorge J},
title = {{Benchmarking optimization software with performance profiles}},
journal = {Mathematical Programming},
year = {2002},
volume = {91},
number = {2},
pages = {201--213},
month = jan
}

@book{Anderson:1999aa,
author = {Anderson, E and Bai, Z and Bischof, C and Blackford, L S and Demmel, J and Dongarra, J and Du Croz, J and Greenbaum, A and Hammarling, S and McKenney, A and Sorensen, D},
title = {{LAPACK Users' Guide}},
publisher = {Society for Industrial and Applied Mathematics},
year = {2012},
edition = {Third},
month = may
}

@article{Davis:2016en,
author = {Davis, Timothy A and Rajamanickam, Sivasankaran and Sid-Lakhdar, Wissam M},
title = {{A survey of direct methods for sparse linear systems}},
journal = {Acta Numerica},
year = {2016},
volume = {25},
pages = {383--566},
month = may
}

@article{Yang:2017aa,
author = {Yang, Yun and Pilanci, Mert and Wainwright, Martin J},
title = {{Randomized sketches for kernels: Fast and optimal nonparametric regression}},
journal = {The Annals of Statistics},
year = {2017},
volume = {45},
number = {3},
pages = {991--1023},
month = jun
}

@article{Kim:2016ej,
author = {Kim, Hyoungsoo and Boulogne, Francois and Um, Eujin and Jacobi, Ian and Button, Ernie and Stone, Howard A},
title = {{Controlled Uniform Coating from the Interplay of Marangoni Flows and Surface-Adsorbed Macromolecules}},
journal = {Physical Review Letters},
year = {2016},
volume = {116},
number = {12},
month = mar
}

@article{Fradkin:2003aa,
author = {Fradkin, Dmitriy and Madigan, David},
title = {{Experiments with random projections for machine learning}},
journal = {Proceedings of the ninth ACM SIGKDD international conference on Knowledge discovery and data mining - KDD '03},
year = {2003}
}

@article{ISI:000333730900005,
author = {Xu, Xuefeng and Ma, Liran and Huang, Doudou and Luo, Jianbin and Guo, Dan},
title = {{Linear growth of colloidal rings at the edge of drying droplets}},
journal = {Colloid and Surfaces A: Physicochemecal and Engineering Aspects},
year = {2014},
volume = {447},
pages = {28--31},
month = apr
}

@article{Pradhan:2015ix,
author = {Pradhan, Tapan Kumar and Panigrahi, Pradipta Kumar},
title = {{Deposition pattern of interacting droplets}},
journal = {Colloid and Surfaces A: Physicochemecal and Engineering Aspects},
year = {2015},
volume = {482},
pages = {562--567},
month = oct
}

@article{Scott:2014iq,
author = {Scott, Jennifer and T{\r{u}}ma, Miroslav},
title = {{HSL_MI28: An Efficient and Robust Limited-Memory Incomplete Cholesky Factorization Code}},
journal = {ACM Transactions on Mathematical Software},
year = {2014},
volume = {40},
number = {4},
pages = {1--19},
month = jun
}

@book{Golub:2013wp,
author = {Golub, Gene and Van Loan, Charles},
title = {{Matrix Computations}},
year = {2013},
month = oct
}

@article{Anonymous:Nv02HmlY,
title = {{A Fast Sketch Method for Mining User Similarities over Fully Dynamic Graph Streams}},
year = {2019},
pages = {1--4},
month = jan
}

@article{10.1145/2049662.2049663,
author = {Davis, Timothy A and Hu, Yifan},
title = {{The University of Florida Sparse Matrix Collection}},
journal = {ACM Transactions on Mathematical Software (TOMS)},
year = {2011},
volume = {38},
number = {1},
month = dec
}

@article{Baek:2018ge,
author = {Baek, Ji Min and Yi, Changhyun and Rhee, Joo Yull},
title = {{Central spot formed in dried coffee-water-mixture droplets: Inverse coffee-ring effect}},
journal = {CURRENT APPLIED PHYSICS},
year = {2018},
volume = {18},
number = {4},
pages = {477--483},
month = apr
}

@article{Sunehag:2009wg,
author = {Sunehag, Peter},
title = {{Variable Metric Stochastic Approximation Theory}},
year = {2009},
pages = {1--7},
month = apr
}

@article{Dennis:1999wv,
author = {Dennis, John E},
title = {{An adaptive nonlinear least-squares algorithm}},
year = {1999},
pages = {1--34},
month = jun
}

@inproceedings{Ailon:2011aa,
author = {Ailon, Nir and Liberty, Edo},
title = {{An Almost Optimal Unrestricted Fast Johnson-Lindenstrauss Transform}},
booktitle = {Proceedings of the Twenty-Second Annual ACM-SIAM Symposium on Discrete Algorithms},
year = {2013},
pages = {185--191},
publisher = {Society for Industrial and Applied Mathematics},
address = {Philadelphia, PA},
month = dec
}

@article{Goemans:2006aa,
author = {Goemans, Michel X and Rossman, Benjamin},
title = {{MIT, 18.409: Topics in TCS: Embeddings of Finite Metric Spaces}},
journal = {MIT Lecture notes},
year = {2006}
}

@article{Brunet:2012iy,
author = {Brunet, Philippe},
title = {{Particle deposition after droplet evaporation on ultra-hydrophobic micro-textured surfaces}},
journal = {Soft Matter},
year = {2012},
volume = {8},
number = {44},
pages = {11294--11301}
}

@article{FRIEDLANDER:2013uy,
author = {FRIEDLANDER, MICHAEL P and SCHMIDT, MARK},
title = {{HYBRID DETERMINISTIC-STOCHASTIC METHODS FOR DATA FITTING 
}},
year = {2013},
pages = {1--26},
month = feb
}

@article{YE:2015aa,
author = {YE, XIUYI},
title = {{EXPERIMENTAL STUDY OF RANDOM PROJECTIONS BELOW THE JL LIMIT}},
journal = {Thesis},
year = {2015}
}

@article{OYMAK:2019ts,
author = {OYMAK, SAMET},
title = {{Generalization Guarantees for Neural Networks via Harnessing the Lowrank Structure of the Jacobian }},
year = {2019},
pages = {1--58},
month = jul
}

@article{Wang:2017hza,
author = {Wang, Jialei and Lee, Jason D and Mahdavi, Mehrdad and Kolar, Mladen and Srebro, Nathan},
title = {{Sketching meets random projection in the dual: A provable recovery algorithm for big and high-dimensional data}},
journal = {Electronic Journal of Statistics},
year = {2017},
volume = {11},
number = {2},
pages = {4896--4944}
}

@article{Vershynin:2018td,
author = {Vershynin, Roman},
title = {{High-Dimensional Probability}},
year = {2018},
pages = {1--301},
month = aug
}

@article{Pilanci:2014aa,
author = {Pilanci, Mert and Wainwright, Martin J},
title = {{Randomized sketches of convex programs with sharp guarantees}},
journal = {2014 IEEE International Symposium on Information Theory},
year = {2014},
month = jun
}

@article{Qu:2015vg,
author = {Qu, Zheng and Richt{\'a}rik, Peter},
title = {{Coordinate Descent with Arbitrary Sampling I: Algorithms and Complexity 
}},
year = {2015},
pages = {1--32},
month = jun
}

@book{laug,
author = {Anderson, E and Bai, Z and Bischof, C and Blackford, S and Demmel, J and Dongarra, J and Du Croz, J and Greenbaum, A and Hammarling, S and McKenney, A and Sorensen, D},
title = {{LAPACK Users' Guide}},
publisher = {Society for Industrial and Applied Mathematics},
year = {1999},
address = {Philadelphia, PA},
edition = {Third}
}

@article{Kaban:2014aa,
author = {Kaban, Ata},
title = {{New Bounds on Compressive Linear Least Squares Regression}},
journal = {Proceedings of the 17th International Con- ference on Artificial Intelligence and Statistics},
year = {2014}
}

@article{Anonymous:SfhMb5Q8,
title = {{OBSERVED UNIVERSALITY OF PHASE TRANSITIONS IN HIGH-DIMENSIONAL GEOMETRY, WITH IMPLICATIONS FOR MODERN DATA ANALYSIS AND SIGNAL PROCESSING 
}},
year = {2018},
pages = {1--48},
month = may
}

@article{Freksen:2018ua,
author = {{Freksen} and {Kamma} and Larsen, Kasper Green},
title = {{Fully Understanding the Hashing Trick}},
year = {2018},
pages = {1--23},
month = may
}

@article{Byrd:2016fw,
author = {Byrd, R H and Hansen, S L and Nocedal, Jorge and Singer, Y},
title = {{A Stochastic Quasi-Newton Method for Large-Scale Optimization}},
journal = {SIAM Journal on Optimization},
year = {2016},
volume = {26},
number = {2},
pages = {1008--1031},
month = jan
}

@article{Anonymous:k_KMLuan,
author = {Dhillon, Paramveer and Lu, Yichao and Foster, Dean and Ungar, Lyle},
title = {{New Subsampling Algorithms for Fast Least Squares Regression}},
year = {2013},
pages = {1--9},
month = mar
}

@article{ISI:A1986C560600002,
author = {FARMER, R and SUNDBERG, N D},
title = {{BOREDOM PRONENESS - THE DEVELOPMENT AND CORRELATES OF A NEW SCALE}},
journal = {JOURNAL OF PERSONALITY ASSESSMENT},
year = {1986},
volume = {50},
number = {1},
pages = {4--17},
month = apr
}

@article{Powers:2013kc,
author = {Powers, Joelle D and Swick, Danielle C},
title = {{Straight Talk From Recent Grads: Tips for Successfully Surviving Your Doctoral Program}},
journal = {Journal of Social Work Education},
year = {2013},
volume = {48},
number = {2},
pages = {389--394},
month = mar
}

@article{Edelman:2005eu,
author = {Edelman, Alan and Rao, N Raj},
title = {{Random matrix theory}},
journal = {Acta Numerica},
year = {2005},
volume = {14},
pages = {233--297},
month = may
}

@article{Cartis:2017fa,
author = {Cartis, C and Scheinberg, K},
title = {{Global convergence rate analysis of unconstrained optimization methods based on probabilistic models}},
journal = {Mathematical Programming},
year = {2017},
volume = {169},
number = {2},
pages = {337--375},
month = apr
}

@article{Perrin:2018dn,
author = {Perrin, Lionel and Pajor-Swierzy, Anna and Magdassi, Shlomo and Kamyshny, Alexander and Ortega, Francisco and Rubio, Ramon G},
title = {{Evaporation of Nanosuspensions on Substrates with Different Hydrophobicity}},
journal = {ACS Applied Materials and Interfaces},
year = {2018},
volume = {10},
number = {3},
pages = {3082--3093},
month = jan
}

@article{Wentworth:2014aa,
author = {Wentworth, Thomas and Ipsen, Ilse},
title = {{kappa SQ: A Matlab package for randomized sampling of matrices with orthonormal columns}},
journal = {arXiv eprint},
year = {2014}
}

@article{Rosasco:2015wr,
author = {Rosasco, Lorenzo},
title = {{Learning with Incremental Iterative Regularization 
}},
year = {2015},
pages = {1--30},
month = jun
}

@article{ISI:000321094100028,
author = {Li, Yueh-Feng and Sheng, Yu-Jane and Tsao, Heng-Kwong},
title = {{Evaporation Stains: Suppressing the Coffee-Ring Effect by Contact Angle Hysteresis}},
journal = {langmuir},
year = {2013},
volume = {29},
number = {25},
pages = {7802--7811},
month = jun
}

@article{Guo:2016ih,
author = {Guo, Yanming and Liu, Yu and Oerlemans, Ard and Lao, Songyang and Wu, Song and Lew, Michael S},
title = {{Deep learning for visual understanding_ A review}},
journal = {Neurocomputing},
year = {2016},
volume = {187},
number = {C},
pages = {27--48},
month = apr
}

@article{Scarlett:2015aa,
author = {Scarlett, Jonathan and Cevher, Volkan},
title = {{Limits on support recovery with probabilistic models: An information-theoretic framework}},
journal = {2015 IEEE International Symposium on Information Theory (ISIT)},
year = {2015},
month = jun
}

@article{Berinde:2010aa,
author = {Berinde, Radu and Indyk, Piotr},
title = {{Sparse Recovery Using Sparse Random Matrices}},
journal = {Lecture Notes in Computer Science},
year = {2010},
pages = {157--157}
}

@article{Sodtke:2007fg,
author = {Sodtke, C and Ajaev, V S and Stephan, P},
title = {{Evaporation of thin liquid droplets on heated surfaces}},
journal = {Heat and Mass Transfer},
year = {2007},
volume = {43},
number = {7},
pages = {649--657},
month = may
}

@article{Anonymous:vkGo0qIC,
title = {{arXiv:1303.6672v2 [cs.IT] 25 Apr 2014}},
year = {2014},
pages = {1--52},
month = apr
}

@article{Byrd:2012bd,
author = {Byrd, Richard H and Chin, Gillian M and Nocedal, Jorge and Wu, Yuchen},
title = {{Sample size selection in optimization methods for machine learning}},
journal = {Mathematical Programming},
year = {2012},
volume = {134},
number = {1},
pages = {127--155},
month = jun
}

@article{Squire:1998ua,
author = {Squire, William and Trapp, George},
title = {{Using Complex Variables to Estimate Derivatives of}},
year = {1998},
pages = {1--3},
month = feb
}

@inproceedings{10.1145/3219819.3220098,
author = {Dahiya, Yogesh and Konomis, Dimitris and Woodruff, David P},
title = {{An Empirical Evaluation of Sketching for Numerical Linear Algebra}},
booktitle = {Proceedings of the 24th ACM SIGKDD International Conference on Knowledge Discovery {\&} Data Mining},
year = {2018},
pages = {1292--1300},
publisher = {Association for Computing Machinery},
address = {New York, NY, USA}
}

@article{Berteloot:2012dn,
author = {Berteloot, Guillaume and Hoang, Anna and Daerr, Adrian and Kavehpour, H Pirouz and Lequeux, Francois and Limat, Laurent},
title = {{Evaporation of a sessile droplet: Inside the coffee stain}},
journal = {JOURNAL OF COLLOID AND INTERFACE SCIENCE},
year = {2012},
volume = {370},
pages = {155--161},
month = mar
}

@article{ZHORNITSKAYA:2000wk,
author = {ZHORNITSKAYA, L and BERTOZZI, A L},
title = {{Positivity-Preserving Numerical Schemes for Lubric}},
year = {2000},
pages = {1--33},
month = jan
}

@article{Chen:2013uv,
author = {Chen, Weikang and Zhang, Rui and Koplik, Joel},
title = {{Velocity Slip on Curved Surfaces 
}},
year = {2013},
pages = {1--5},
month = aug
}

@article{TROPP:2011vm,
author = {TROPP, JOEL A},
title = {{USER-FRIENDLY TAIL BOUNDS FOR SUMS OF RANDOM MATRICES 
}},
year = {2011},
pages = {1--32},
month = jun
}

@article{Rahimi:2007aa,
author = {Rahimi, Ali and Ben Recht},
title = {{Random Features for Large-Scale Kernel Machines}},
journal = {In proceedings of Neural Information Processing Systems},
year = {2007}
}

@article{Rosati:2007hi,
author = {Rosati, Alexandra G and Stevens, Jeffrey R and Hare, Brian and Hauser, Marc D},
title = {{The Evolutionary Origins of Human Patience: Temporal Preferences in Chimpanzees, Bonobos, and Human Adults}},
journal = {Current Biology},
year = {2007},
volume = {17},
number = {19},
pages = {1663--1668},
month = oct
}

@article{Hadidimasouleh:2017bp,
author = {Hadidimasouleh, Roghayeh and Yaghmaee, Maziar Sahba and Riahifar, Reza and Raissi, Babak},
title = {{MODELING OF THE SURFACE TENSION OF COLLOIDAL SUSPENSIONS}},
journal = {SURFACE REVIEW AND LETTERS},
year = {2017},
volume = {24},
number = {4},
month = jun
}

@article{LeCun:2019vh,
author = {LeCun, Yann},
title = {{Efficient BackProp}},
year = {1998},
pages = {1--44},
month = aug
}

@article{Anonymous:gm3yJGd7,
title = {{A Global Geometric Framework for Nonlinear Dimensionality Reduction}},
year = {2000},
pages = {1--6},
month = dec
}

@article{Bodiguel:2010hh,
author = {Bodiguel, Hugues and Doumenc, Frederic and Guerrier, Beatrice},
title = {{Stick-Slip Patterning at Low Capillary Numbers for an Evaporating Colloidal Suspension}},
journal = {langmuir},
year = {2010},
volume = {26},
number = {13},
pages = {10758--10763},
month = jul
}

@article{Rokhlin:2008aa,
author = {Rokhlin, V and Tygert, M},
title = {{A fast randomized algorithm for overdetermined linear least-squares regression}},
journal = {Proceedings of the National Academy of Sciences},
year = {2008},
volume = {105},
number = {36},
pages = {13212--13217},
month = sep
}

@article{ISI:A1981MQ43300005,
author = {OHANLON, J F},
title = {{BOREDOM - PRACTICAL CONSEQUENCES AND A THEORY}},
journal = {ACTA PSYCHOLOGICA},
year = {1981},
volume = {49},
number = {1},
pages = {53--82}
}

@article{Drineas:2012ts,
author = {Drineas, Petros and Magdon-Ismail, Malik and Mahoney, Michael and Woodruff, David P},
title = {{Fast approximation of matrix coherence and statistical leverage 
}},
year = {2012},
pages = {1--29},
month = dec
}

@article{Do:2012aa,
author = {Do, Thong T and Gan, Lu and Nguyen, Nam H and Tran, Trac D},
title = {{Fast and Efficient Compressive Sensing Using Structurally Random Matrices}},
journal = {IEEE Transactions on Signal Processing},
year = {2012},
volume = {60},
number = {1},
pages = {139--154},
month = jan
}

@article{Drineas:2010ih,
author = {Drineas, Petros and Mahoney, Michael W and Muthukrishnan, S and {Tam{\'a}s Sarl{\'o}s}},
title = {{Faster least squares approximation}},
journal = {Numerische Mathematik},
year = {2010},
volume = {117},
number = {2},
pages = {219--249},
month = oct
}

@article{Anonymous:1UR-44Fr,
author = {Berahas, Albert and Jahani, Majid and Tak{\'a}{\v c}, Martin},
title = {{Quasi-Newton Methods for Deep Learning: Forget the Past, Just Sample 
}},
year = {2019},
pages = {1--45},
month = jan
}

@article{Anonymous:j7bcU_-h,
title = {{SIAG/OPT Views and News}},
year = {2019},
pages = {1--16},
month = jan
}

@article{ISI:000388156000027,
author = {Patil, Nagesh D and Bange, Prathamesh G and Bhardwaj, Rajneesh and Sharma, Atul},
title = {{Effects of Substrate Heating and Wettability on Evaporation Dynamics and Deposition Patterns for a Sessile Water Droplet Containing Colloidal Particles}},
journal = {langmuir},
year = {2016},
volume = {32},
number = {45},
pages = {11958--11972},
month = nov
}

@article{Savva:2017efa,
author = {Savva, Nikos and Rednikov, Alexey and Colinet, Pierre},
title = {{Asymptotic analysis of the evaporation dynamics of partially wetting droplets}},
year = {2017},
volume = {824},
pages = {574--623},
month = jul
}

@article{Askounis:2015fm,
author = {Askounis, Alexandros and Sefiane, Khellil and Koutsos, Vasileios and Shanahan, Martin E R},
title = {{Effect of particle geometry on triple line motion of nano-fluid drops and deposit nano-structuring}},
journal = {Advances in Colloid and Interface Science},
year = {2015},
volume = {222},
number = {SI},
pages = {44--57},
month = aug
}

@article{Anonymous:1963jn,
title = {{Gradient methods for the minimisation of functionals}},
journal = {USSR Computational Mathematics and Mathematical Physics},
year = {1963},
volume = {3},
number = {4},
pages = {864--878},
month = jan
}

@article{Parlett:1998vf,
author = {{Parlett}},
title = {{The symmetric eignevalue problem, book, Approximations from a Subspace}},
year = {1998},
pages = {1--32},
month = may
}

@article{TROPP:2015vy,
author = {TROPP, JOEL A},
title = {{An Introduction to Matrix Concentration Inequalities 
}},
year = {2015},
pages = {1--163},
month = jan
}

@article{Martinsson:2017eh,
author = {Martinsson, Per-Gunnar and Quintana Ort{\'I}, Gregorio and Heavner, Nathan and van de Geijn, Robert},
title = {{Householder QR Factorization With Randomization for Column Pivoting (HQRRP)}},
journal = {SIAM Journal on Scientific Computing},
year = {2017},
volume = {39},
number = {2},
pages = {C96--C115},
month = jan
}

@article{Gatfield:2005ck,
author = {Gatfield, Terry},
title = {{An Investigation into PhD Supervisory Management Styles: Development of a dynamic conceptual model and its managerial implications}},
journal = {Journal of Higher Education Policy and Management},
year = {2005},
volume = {27},
number = {3},
pages = {311--325},
month = nov
}

@article{Gurbuzbalaban:2017hd,
author = {G{\"u}rb{\"u}zbalaban, M and Ozdaglar, A and Parrilo, P A},
title = {{On the Convergence Rate of Incremental Aggregated Gradient Algorithms}},
journal = {SIAM Journal on Optimization},
year = {2017},
volume = {27},
number = {2},
pages = {1035--1048},
month = jan
}

@inproceedings{10.1145/2488608.2488621,
author = {Meng, Xiangrui and Mahoney, Michael W},
title = {{Low-Distortion Subspace Embeddings in Input-Sparsity Time and Applications to Robust Linear Regression}},
booktitle = {Proceedings of the Forty-Fifth Annual ACM Symposium on Theory of Computing},
year = {2013},
pages = {91--100},
publisher = {Association for Computing Machinery},
address = {New York, NY, USA}
}

@article{ISI:000239879200008,
author = {Cheyne, James Allan and Carriere, Jonathan S A and Smilek, Daniel},
title = {{Absent-mindedness: Lapses of conscious awareness and everyday cognitive failures}},
journal = {CONSCIOUSNESS AND COGNITION},
year = {2006},
volume = {15},
number = {3},
pages = {578--592},
month = sep
}

@article{Ganguli:2012bxa,
author = {Ganguli, Surya and Sompolinsky, Haim},
title = {{Compressed Sensing, Sparsity, and Dimensionality in Neuronal Information Processing and Data Analysis}},
journal = {Annual Review of Neuroscience},
year = {2012},
volume = {35},
number = {1},
pages = {485--508},
month = jul
}

@article{Boutsidis:2013aa,
author = {Boutsidis, Christos and Gittens, Alex},
title = {{Improved Matrix Algorithms via the Subsampled Randomized Hadamard Transform}},
journal = {SIAM Journal on Matrix Analysis and Applications},
year = {2013},
volume = {34},
number = {3},
pages = {1301--1340},
month = jan
}

@article{Hanzely:2018tb,
author = {Hanzely, Filip and Richt{\'a}rik, Peter},
title = {{Accelerated Coordinate Descent with Arbitrary Sampling and Best Rates for Minibatches}},
year = {2018},
pages = {1--28},
month = oct
}

@article{ISI:000275449900008,
author = {Tonetti, L and Adan, A and Caci, H and De Pascalis, V and Fabbri, M and Natale, V},
title = {{Morningness-eveningness preference and sensation seeking}},
journal = {EUROPEAN PSYCHIATRY},
year = {2010},
volume = {25},
number = {2},
pages = {111--115},
month = mar
}

@article{Askounis:2017jq,
author = {Askounis, Alexandros and Kita, Yutaku and Kohno, Masamichi and Takata, Yasuyuki and Koutsos, Vasileios and Sefiane, Khellil},
title = {{Influence of Local Heating on Marangoni Flows and Evaporation Kinetics of Pure Water Drops}},
journal = {langmuir},
year = {2017},
volume = {33},
number = {23},
pages = {5666--5674},
month = jun
}

@article{Xie:2018ek,
author = {Xie, Qingguang and Harting, Jens},
title = {{From Dot to Ring: The Role of Friction in the Deposition Pattern of a Drying Colloidal Suspension Droplet}},
journal = {langmuir},
year = {2018},
volume = {34},
number = {18},
pages = {5303--5311},
month = may
}

@article{Alam:2013cg,
author = {Alam, Firoz and Alam, Quamrul and Rasul, Mohammad Golam},
title = {{A Pilot Study on Postgraduate Supervision}},
journal = {Procedia Engineering},
year = {2013},
volume = {56},
pages = {875--881}
}

@article{Lataia:1997uz,
author = {Lata{\l}a, Rafa{\l}},
title = {{ESTIMATION OF MOMENTS OF SUMS OF INDEPENDENT REAL RANDOM VARIABLES}},
year = {1997},
pages = {1--12},
month = jun
}

@article{Scott:2016vo,
author = {Scott, Jennifer},
title = {{The challenge of large sparse rank deficient least squares problems}},
year = {2016},
pages = {1--41},
month = jun
}

@article{Nesterov:2007ee,
author = {Nesterov, Yurii},
title = {{Primal-dual subgradient methods for convex problems}},
journal = {Mathematical Programming},
year = {2007},
volume = {120},
number = {1},
pages = {221--259},
month = jun
}

@article{DelPia:2018uh,
author = {Del Pia, Alberto and Dey, Santanu S and Weismantel, Robert},
title = {{Subset selection in sparse matrices}},
journal = {arxiv.org
},
year = {2018},
eprint = {1810.02757},
eprinttype = {arxiv},
month = oct
}

@article{Davis:2018wm,
author = {Davis, Don},
title = {{Ph.D. Thesis Research: Where do I Start?}},
year = {2018},
pages = {1--9},
month = aug
}

@article{AllenZhu:2018wy,
author = {Allen-Zhu, Zeyuan},
title = {{Katyusha: The First Direct Acceleration of Stochastic Gradient Methods}},
year = {2018},
pages = {1--51},
month = jun
}

@article{Gurbuzbalaban:2018vm,
author = {Gurbuzbalaban, Mert},
title = {{When Cyclic Coordinate Descent Outperforms Randomized Coordinate Descent}},
year = {2018},
pages = {1--9},
month = feb
}

@article{ISI:000424284900007,
author = {Ishizuka, Hirotaka and Fukai, Jun},
title = {{Quantification of Marangoni flows and film morphology during solid film formation by inkjet printing}},
journal = {EXPERIMENTS IN FLUIDS},
year = {2018},
volume = {59},
number = {1},
month = jan
}

@article{Wei:2018tt,
author = {Wei, Feng},
title = {{Measure Concentration and Non-asymptotic Singular Values Distributions of Random Matrices}},
year = {2018},
pages = {1--112},
month = may
}

@article{Zhao:2019vr,
author = {Zhao, Tuo and Yu, Mo and Wang, Yiming and Arora, Raman and Liu, Han},
title = {{Accelerated Mini-batch Randomized Block Coordinate Descent Method}},
year = {2019},
pages = {1--9},
month = aug
}

@article{Paige:1982aa,
author = {Paige, Christopher C and Saunders, Michael A},
title = {{LSQR: An Algorithm for Sparse Linear Equations and Sparse Least Squares}},
journal = {ACM Transactions on Mathematical Software},
year = {1982},
volume = {8},
number = {1},
pages = {43--71},
month = mar
}

@article{Krahmer:2018vk,
author = {Krahmer, Felix and Ward, Rachel},
title = {{New and improved Johnson-Lindenstrauss embeddings via the Restricted Isometry Property }},
year = {2018},
pages = {1--12},
month = oct
}

@article{Weon:2010kl,
author = {Weon, Byung Mook and Je, Jung Ho},
title = {{Capillary force repels coffee-ring effect}},
year = {2010},
volume = {82},
number = {1},
pages = {015305--015304},
month = jul
}

@article{Gould:2017th,
author = {Gould, Nick and Rees, T and Scott, J A},
title = {{A higher order method for solving nonlinear least-squares problems}},
year = {2017},
pages = {1--17},
month = nov
}

@article{Karapetsas:2016kw,
author = {Karapetsas, George and Sahu, Kirti Chandra and Matar, Omar K},
title = {{Evaporation of Sessile Droplets Laden with Particles and Insoluble Surfactants}},
journal = {langmuir},
year = {2016},
volume = {32},
number = {27},
pages = {6871--6881},
month = jul
}

@article{Anonymous:yGqTMu_i,
title = {{Working Memory, Thought, and Action}},
year = {2018},
pages = {1--433},
month = dec
}

@article{Krahmer:2011ho,
author = {Krahmer, Felix and Ward, Rachel},
title = {{New and Improved Johnson{\textendash}Lindenstrauss Embeddings via the Restricted Isometry Property}},
journal = {SIAM Journal on Mathematical Analysis},
year = {2011},
volume = {43},
number = {3},
pages = {1269--1281},
month = may
}

@article{Avron:2017ee,
author = {Avron, Haim and Clarkson, Kenneth L and Woodruff, David P},
title = {{Faster Kernel Ridge Regression Using Sketching and Preconditioning}},
journal = {SIAM Journal on Matrix Analysis and Applications},
year = {2017},
volume = {38},
number = {4},
pages = {1116--1138},
month = jan
}

@article{Shapiro:1998ve,
author = {Shapiro, Alexander and Homem-de-Mello, Tito},
title = {{A simulation-based approach to two-stage stochastic programming with recourse}},
year = {1998},
pages = {1--25},
month = aug
}

@article{Davidon:1976wp,
author = {Davidon, W C},
title = {{New Least-Square Algorithms}},
year = {1976},
pages = {1--11},
month = aug
}

@article{Yiantsios:1990wg,
author = {Yiantsios, stergios G and Davis, Robert H},
title = {{On the buoyancy-driven motion of a drop towards a rigid surface or a deformable interface}},
year = {1990},
pages = {1--27},
month = nov
}

@article{10.1145/2049662.2049670,
author = {Davis, Timothy A},
title = {{Algorithm 915, SuiteSparseQR: Multifrontal Multithreaded Rank-Revealing Sparse QR Factorization}},
journal = {ACM Transactions on Mathematical Software (TOMS)},
year = {2011},
volume = {38},
number = {1},
month = dec
}

@article{Byrd:2011wo,
author = {Byrd, Richard H and Chin, Gillian M and Nocedal, Jorge and Wu, Yuchen},
title = {{Sample Size Selection in Optimization Methods for Machine Learning}},
year = {2011},
pages = {1--30},
month = oct
}

@article{AdeolaBamgbojeAyodele:2016wy,
author = {Adeola Bamgboje-Ayodele, Michelle Ye Helen Almond and Songlak Sakulwichitsintu},
title = {{Inside the Minds of Doctoral Students: Investigating Challenges in Theory and Practice}},
year = {2016},
pages = {1--25},
month = aug
}

@article{Nassar:2017jk,
author = {Nassar, M and Gromer, A and Favier, D and Thalmann, F and Hebraud, P and Holl, Y},
title = {{Horizontal drying fronts in films of colloidal dispersions: influence of hydrostatic pressure and collective diffusion}},
journal = {Soft Matter},
year = {2017},
volume = {13},
number = {48},
pages = {9162--9173},
month = dec
}

@article{VANCE:1997ti,
author = {VANCE, PAMELA H},
title = {{Branch-and-Price Algorithms for the One-Dimensional Cutting Stock Problem}},
year = {1997},
pages = {1--18},
month = dec
}

@article{10.1145/2617555,
author = {Scott, Jennifer and T u ma, Miroslav},
title = {{HSL_MI28: An Efficient and Robust Limited-Memory Incomplete Cholesky Factorization Code}},
journal = {ACM Transactions on Mathematical Software (TOMS)},
year = {2014},
volume = {40},
number = {4},
month = jul
}

@article{Zigelman:2018ia,
author = {Zigelman, Anna and Manor, Ofer},
title = {{A theoretical analysis of the deposition of colloidal particles from a volatile liquid meniscus in a rectangular chamber}},
journal = {Colloid and Surfaces A: Physicochemecal and Engineering Aspects},
year = {2018},
volume = {549},
pages = {221--236},
month = jul
}

@article{Boutsidis:2009ab,
author = {Boutsidis, Christos and Mahoney, Michael W and Drineas, Petros},
title = {{An Improved Approximation Algorithm for the Column Subset Selection Problem}},
journal = {Proceedings of the Twentieth Annual ACM-SIAM Symposium on Discrete Algorithms},
year = {2009},
pages = {968--977},
month = jan
}

@article{Dzindzalieta:2014wb,
author = {Dzindzalieta, Dainius},
title = {{TIGHT BERNOULLI TAIL PROBABILITY BOUNDS}},
year = {2014},
pages = {1--78},
month = mar
}

@article{Venkatasubramanian:2011aa,
author = {Venkatasubramanian, Suresh and Wang, Qiushi},
title = {{The Johnson-Lindenstrauss Transform: An Empirical Study}},
journal = {2011 Proceedings of the Thirteenth Workshop on Algorithm Engineering and Experiments (ALENEX)},
year = {2011},
pages = {164--173},
month = jan
}

@article{Petsi:2008ie,
author = {Petsi, A J and Burganos, V N},
title = {{Stokes flow inside an evaporating liquid line for any contact angle}},
journal = {Physical Review E},
year = {2008},
volume = {78},
number = {3, 2},
pages = {036324},
month = sep
}

@article{Byrd:2011ew,
author = {Byrd, Richard H and Chin, Gillian M and Neveitt, Will and Nocedal, Jorge},
title = {{On the Use of Stochastic Hessian Information in Optimization Methods for Machine Learning}},
journal = {SIAM Journal on Optimization},
year = {2011},
volume = {21},
number = {3},
pages = {977--995},
month = jul
}

@article{Gower:2016wi,
author = {Gower, Robert M},
title = {{Stochatic Dual Ascent for Solving LInear Systems}},
year = {2016},
pages = {1--29},
month = jan
}

@article{Raskutti:2014uj,
author = {Raskutti, Garvesh},
title = {{Early Stopping and Non-parametric Regression: An Optimal Data-dependent Stopping Rule}},
year = {2014},
pages = {1--32},
month = feb
}

@article{Eftekhari:2018up,
author = {Eftekhari, Armin and Hauser, Raphael A and Grammenos, Andreas},
title = {{MOSES: A Streaming Algorithm for Linear Dimensionality Reduction 
}},
year = {2018},
pages = {1--35},
month = jun
}

@article{Jagadeesan:2017tr,
author = {Jagadeesan, Meena},
title = {{Simple Analysis of Sparse, Sign-Consistent JL}},
year = {2017},
eprint = {1708.02966},
eprinttype = {arxiv},
month = aug
}

@article{Ismail:2011va,
author = {Ismail, Affero},
title = {{Improving the Development of Postgraduates{\textquoteright} Research and Supervision}},
year = {2011},
pages = {1--12},
month = jan
}

@article{Anonymous:BANdotV-,
title = {{arXiv:0806.4404v1 [math.NA] 26 Jun 2008}},
year = {2018},
pages = {1--18},
month = may
}

@article{ShalevShwartz:2013wl,
author = {Shalev-Shwartz, Shai and Zhang, Tong},
title = {{Stochastic Dual Coordinate Ascent Methods for Regularized Loss Minimization}},
year = {2013},
pages = {1--33},
month = feb
}

@article{Stich:2017ta,
author = {Stich, Sebastian U},
title = {{Appriximate Steepest Coordinate Descent }},
year = {2017},
pages = {1--15},
month = jun
}

@article{Bottou:2018vp,
author = {Bottou, Leon and Curtis, Frank and Nocedal, Jorge},
title = {{Optimization Methods for Large-Scale Machine Learning 
}},
year = {2018},
pages = {1--95},
month = feb
}

@article{ZHORNITSKAYA:2000wx,
author = {ZHORNITSKAYA, L and BERTOZZI, A L},
title = {{POSITIVITY-PRESERVING NUMERICAL SCHEMES FOR LUBRICATION-TYPE EQUATIONS 
}},
journal = {SIAM J. NUMER. ANAL},
year = {2000},
pages = {1--33},
month = jan
}

@article{Dasgupta:2002aa,
author = {Dasgupta, Sanjoy and Gupta, Anupam},
title = {{An elementary proof of a theorem of Johnson and Lindenstrauss}},
journal = {Random Structures and Algorithms},
year = {2002},
volume = {22},
number = {1},
pages = {60--65},
month = nov
}

@article{Yunker:2011ec,
author = {Yunker, Peter J and Still, Tim and Lohr, Matthew A and Yodh, A G},
title = {{Suppression of the coffee-ring effect by shape-dependent capillary interactions}},
journal = {Nature},
year = {2011},
volume = {476},
number = {7360},
pages = {308--311},
month = aug
}

@article{Anonymous:hFm_PQSK,
title = {{arXiv:1901.09063v1 [math.OC] 25 Jan 2019}},
year = {2019},
pages = {1--28},
month = jan
}

@article{Huang:2015hh,
author = {Huang, Doudou and Ma, Liran and Xu, Xuefeng},
title = {{The capillary outward flow inside pinned drying droplets}},
journal = {INTERNATIONAL JOURNAL OF HEAT AND MASS TRANSFER},
year = {2015},
volume = {83},
pages = {307--310},
month = apr
}

@article{Anonymous:U8OAfnx9,
title = {{Convergence of a Relaxed Variable Splitting Method for Learning Sparse Neural Networks via l$_{1}$, l$_{0}$, and transformed-l$_{1 }$Penalties 
}},
year = {2018},
pages = {1--24},
month = dec
}

@article{Bansal:2018jm,
author = {Bansal, Lalit and Seth, Pranjal and Murugappan, Bhubesh and Basu, Saptarshi},
title = {{Suppression of coffee ring: (Particle) size matters}},
journal = {Applied Physics Letters},
year = {2018},
volume = {112},
number = {21},
pages = {211605},
month = may
}

@article{ZeyuanAllenZhu:2016wj,
author = {Zeyuan Allen-Zhu},
title = {{Even Faster Accelerated Coordinate Descent Using Non-Uniform Sampling}},
year = {2016},
pages = {1--10},
month = jun
}

@article{doi:10.1137/16M1081270,
author = {Martinsson, Per-Gunnar and Quintana Ort{\'I}, Gregorio and Heavner, Nathan and van de Geijn, Robert},
title = {{Householder QR Factorization With Randomization for Column Pivoting (HQRRP)}},
journal = {SIAM Journal on Scientific Computing},
year = {2017},
volume = {39},
number = {2},
pages = {C96--C115}
}

@article{Oliver:2004wh,
author = {Oliver, James Mark},
title = {{Water Entry and Related Problems}},
year = {2004},
pages = {1--155},
month = sep
}

@article{Csiba:2018ub,
author = {Csiba, Dominik and Richt{\'a}rik, Peter},
title = {{Importance Sampling for Minibatches}},
year = {2018},
pages = {1--21},
month = aug
}

@article{Berahas:2019wr,
author = {Berahas, Albert S and Bollapragada, Raghu and Nocedal, Jorge},
title = {{An Investigation of Newton-Sketch and Subsampled Newton Methods 
}},
year = {2019},
pages = {1--36},
month = jun
}

@article{Pilanci:2017aa,
author = {Pilanci, Mert and Wainwright, Martin J},
title = {{Newton Sketch: A Near Linear-Time Optimization Algorithm with Linear-Quadratic Convergence}},
journal = {SIAM Journal on Optimization},
year = {2017},
volume = {27},
number = {1},
pages = {205--245},
month = jan
}

@article{Voinov:2004wz,
author = {Voinov, O V},
title = {{Hydrodynamics of wetting}},
year = {2004},
pages = {1--8},
month = dec
}

@article{Wang:2017hz,
author = {Wang, Jialei and Lee, Jason D and Mahdavi, Mehrdad and Kolar, Mladen and Srebro, Nathan},
title = {{Sketching meets random projection in the dual: A provable recovery algorithm for big and high-dimensional data}},
journal = {Electronic Journal of Statistics},
year = {2017},
volume = {11},
number = {2},
pages = {4896--4944}
}

@article{Ghadimi:2012tu,
author = {Ghadimi, Saeed and Lan, Guanghui},
title = {{Optimal Stochastic Approximation Algorithms for Strongly Convex Stochastic Composite Optimization I: a Generic Algorithmic Framework}},
year = {2012},
pages = {1--27},
month = jun
}

@article{Saxton:2017gr,
author = {Saxton, M A and Vella, D and Whiteley, J P and Oliver, James Mark},
title = {{Kinetic effects regularize the mass-flux singularity at the contact line of a thin evaporating drop}},
journal = {Journal of Engineering Mathematics},
year = {2017},
volume = {106},
number = {1},
pages = {47--73},
month = jan
}

@article{Jagadeesan:2019vx,
author = {Jagadeesan, Meena},
title = {{Understanding Sparse JL for feature hashing}},
year = {2019},
pages = {1--31},
month = mar
}

@article{Blanchet:2016ta,
author = {Blanchet, Jose and Cartis, Coralia and Menickelly, Matt and Scheinberg, Katya},
title = {{Convergence Rate Analysis of a Stochastic Trust Region Method via Submartingales}},
journal = {arxiv.org
},
year = {2016},
eprint = {1609.07428},
eprinttype = {arxiv},
month = sep
}

@article{Bodiguel:2013fr,
author = {Bodiguel, H and Leng, J},
title = {{Imaging the drying of a colloidal suspension: Velocity field}},
journal = {Chemical Engineering and Processing},
year = {2013},
volume = {68},
number = {SI},
pages = {60--63},
month = jun
}

@article{DRMAC:2007ub,
author = {DRMAC, ZLATKO and BUJANOVIC, ZVONIMIR},
title = {{On the failure of rank revealing QR factorization software {\textendash} a case study}},
year = {2007},
pages = {1--24},
month = dec
}

@article{Camoriano:2016vp,
author = {Camoriano, Raffaello},
title = {{NYTRO: When Subsampling Meets Early Stopping}},
year = {2016},
pages = {1--9},
month = may
}

@article{Peng:2015uj,
author = {Peng, Yuanyuan},
title = {{On Singular Values of Random Matrices}},
year = {2015},
pages = {1--67},
month = jul
}

@article{Anonymous:XjFNGr_X,
title = {{A Chernoff bound for random walks on expander graphs}},
year = {2004},
pages = {1--12},
month = mar
}

@article{ISI:A1993KL20100001,
author = {MIKULAS, W L and VODANOVICH, S J},
title = {{THE ESSENCE OF BOREDOM}},
journal = {PSYCHOLOGICAL RECORD},
year = {1993},
volume = {43},
number = {1},
pages = {3--12},
month = jan
}

@article{Anonymous:NThHex1J,
title = {{arXiv:1509.05845v1 [math.ST] 19 Sep 2015}},
year = {2015},
pages = {1--34},
month = sep
}

@article{Gratton:2017kz,
author = {Gratton, Serge and Royer, Cl{\'e}ment W and Vicente, Lu{\'\i}s N and Zhang, Zaikun},
title = {{Complexity and global rates of trust-region methods based on probabilistic models}},
journal = {IMA Journal of Numerical Analysis},
year = {2017},
volume = {38},
number = {3},
pages = {1579--1597},
month = aug
}

@article{Johnson:1984aa,
author = {Johnson, William B and Lindenstrauss, Joram},
title = {{Extensions of Lipschitz mappings into a Hilbert space}},
journal = {Contemporary Mathematics},
year = {1984},
pages = {189--206}
}

@article{Katz:2018km,
author = {Katz, Reuven},
title = {{Crises in a Doctoral Research Project: A Comparative Study}},
journal = {International Journal of Doctoral Studies},
year = {2018},
volume = {13},
pages = {211--231}
}

@article{ISI:000359884000001,
author = {Jiazhen, Sun and Minxuan, Kuang and Yanlin, Song},
title = {{Control and Application of ``Coffee Ring'' Effect in Inkjet Printing}},
journal = {PROGRESS IN CHEMISTRY},
year = {2015},
volume = {27},
number = {8},
pages = {979--985},
month = aug
}

@article{Chernoff:2006vl,
author = {Chernoff, Herman},
title = {{A measure of asymptotic efficiency for tests of a hypothesis based on the sum of observations}},
year = {2006},
pages = {1--15},
month = jan
}

@article{Vella:2007un,
author = {Vella, Dominic Joseph Robert},
title = {{The Fluid Mechanics of Floating and Sinking}},
year = {2007},
pages = {1--142},
month = aug
}

@article{AllenZhu:2014gl,
author = {Allen-Zhu, Zeyuan and Gelashvili, Rati and Micali, Silvio and Shavit, Nir},
title = {{Sparse sign-consistent Johnson{\textendash}Lindenstrauss matrices: Compression with neuroscience-based constraints}},
journal = {Proceedings of the National Academy of Sciences},
year = {2014},
volume = {111},
number = {47},
pages = {16872--16876},
month = nov
}

@article{ISI:000332756200027,
author = {Mukherjee, Sumanta and Saha, Arnab and Santra, Pralay K and Sengupta, Surajit and Sarma, D D},
title = {{Beyond the ``Coffee Ring'': Re-entrant Ordering in an Evaporation-Driven Self-Assembly in a Colloidal Suspension on a Substrate}},
journal = {The Journal of Physical Chemistry B},
year = {2014},
volume = {118},
number = {9},
pages = {2559--2567},
month = mar
}

@article{Dossal:2009fc,
author = {Dossal, Charles and Peyre, Gabriel and Fadilli, Jalal},
title = {{A Numerical Exploration of Compressed Sampling Recovery}},
year = {2009},
pages = {1--20},
month = jan
}

@article{Hocking:1981fy,
author = {Hocking, L M},
title = {{Sliding and Spreading of Thin two-dimensional Drops}},
journal = {The Quarterly Journal of Mechanics and Applied Mathematics},
year = {1981},
volume = {34},
number = {1},
pages = {37--55},
month = feb
}

@article{Oxford658216:2018aa,
author = {{Oxford658216}},
title = {{Dimensionality reduction techniques for optimization}},
journal = {Thesis},
year = {2018}
}

@article{Dieuleveut:2016ty,
author = {Dieuleveut, Aymeric},
title = {{\textbf{ON-PARAMETRIC STOCHASTIC APPROXIMATION WITH LARGE STEP-SIZES }
}},
year = {2016},
pages = {1--93},
month = mar
}

@article{Anonymous:oJDmqZP8,
title = {{A Scalable Heuristic for Fastest-Path Computation on Very Large Road Maps}},
year = {2018},
pages = {1--12},
month = dec
}

@article{Indyk:1998aa,
author = {Indyk, Piotr and Motwani, Rajeev},
title = {{Approximate nearest neighbors}},
journal = {Proceedings of the thirtieth annual ACM symposium on Theory of computing - STOC '98},
year = {1998}
}

@article{Gilbert:2001uf,
author = {Gilbert, John},
title = {{COMPUTING ROW AND COLUMN COUNTS FOR SPARSE}},
year = {2001},
pages = {1--18},
month = nov
}

@article{Edelman:2016di,
author = {Edelman, Alan and Guionnet, A and P{\'e}ch{\'e}, S},
title = {{Beyond universality in random matrix theory}},
journal = {arXiv.org},
year = {2016},
eprint = {1405.7590v5},
eprinttype = {arxiv},
eprintclass = {math.PR},
month = may,
annote = {Published at http://dx.doi.org/10.1214/15-AAP1129 in the Annals of Applied Probability (http://www.imstat.org/aap/) by the Institute of Mathematical Statistics (http://www.imstat.org)}
}

@article{Gitten:2013aa,
author = {{Gitten} and {Mahoney}},
title = {{REVISITING THE NYSTR{\"O}M METHOD FOR IMPROVED LARGE-SCALE MACHINE LEARNING}},
year = {2013}
}

@article{Gower:2018aa,
author = {{Gower} and {others}},
title = {{Accelerated Stochastic Matrix Inversion: General Theory and Speeding up BFGS Rules for Faster Second-Order Optimization}},
journal = {arXiv eprint},
year = {2018}
}

@article{Anonymous:Y18HgFCs,
title = {{arXiv:1011.6397v2 [cs.DS] 10 Dec 2010}},
year = {2018},
pages = {1--9},
month = oct
}

@article{Malinowski:2018hp,
author = {Malinowski, Robert and Volpe, Giovanni and Parkin, Ivan P and Volpe, Giorgio},
title = {{Dynamic Control of Particle Deposition in Evaporating Droplets by an External Point Source of Vapor}},
journal = {Journal of Physical Chemistry Letters},
year = {2018},
volume = {9},
number = {3},
pages = {659--664},
month = feb
}

@article{Lin:2018tu,
author = {Lin, Junhong and Cevher, Volkan},
title = {{Kernel Conjugate Gradient Methods with Random Projections}},
journal = {arxiv.org
},
year = {2018},
eprint = {1811.01760},
eprinttype = {arxiv},
month = nov
}

@article{Martens:2014voa,
author = {Martens, James},
title = {{Deep learning via Hessian-free optimization}},
year = {2014},
pages = {1--8},
month = aug
}

@article{Davis:2010vl,
author = {Davis, Timothy A},
title = {{Davis, LU factorization}},
year = {2010},
pages = {1--15},
month = jul
}

@article{Freksen:2018uaa,
author = {{Freksen}},
title = {{Fully Understanding The Hashing Trick}},
journal = {Advances in Neural Information Processing Systems },
year = {2018},
pages = {1--11},
month = oct
}

@article{RoostaKhorasani:2016uj,
author = {Roosta-Khorasani, Farbod and Mahoney, Michael},
title = {{Sub-Sampled Newton Methods I: Globally Convergent Algorithms}},
year = {2016},
pages = {1--44},
month = feb
}

@book{Dahiya:2018ba,
author = {Dahiya, Yogesh and Konomis, Dimitris and Woodruff, David P},
title = {{An Empirical Evaluation of Sketching for Numerical Linear Algebra}},
publisher = {ACM},
year = {2018},
month = jul
}

@article{Anonymous:XFxTl1fk,
title = {{Almost Optimal Explicit Johnson-Lindenstrauss Transformations}},
year = {2011},
pages = {1--13},
month = apr
}

@article{Qu:2019tw,
author = {Qu, Zheng and Richt{\'a}rik, Peter},
title = {{Quartz: Randomized Dual Coordinate Ascent with Arbitrary Sampling}},
year = {2019},
pages = {1--9},
month = aug
}

@article{Cohen:2018fi,
author = {Cohen, Michael B},
title = {{Simple Analyses of the Sparse Johnson-Lindenstrauss Transform}},
year = {2018},
pages = {1--9},
month = jan
}

@article{Fischer:2002hs,
author = {Fischer, B J},
title = {{Particle convection in an evaporating colloidal droplet}},
journal = {langmuir},
year = {2002},
volume = {18},
number = {1},
pages = {60--67},
month = jan
}

@article{Nitanda:2016te,
author = {Nitanda, Atsushi},
title = {{Accelerated Stochastic Gradient Descent for Minimizing Finite Sums}},
year = {2016},
pages = {1--9},
month = apr
}

@proceedings{Nelson:2014uu,
title = {{Lower Bounds for Oblivious Subspace Embeddings}},
year = {2014},
editor = {Esparza, Javier and Fraigniaud, Pierre and Husfeldt, Thore and Koutsoupias, Elias},
publisher = {Springer Berlin Heidelberg},
address = {Berlin, Heidelberg}
}

@article{Ghashami:2016uc,
author = {Ghashami, Mina and Liberty, Edo and Phillips, Jeff M},
title = {{Efficient Frequent Directions Algorithm for Sparse Matrices 
}},
year = {2016},
pages = {1--18},
month = feb
}

@article{Anonymous:hFS2DDtx,
title = {{On the Curved Geometry of Accelerated Optimization 
}},
year = {2018},
pages = {1--18},
month = dec
}

@article{Livan:2017us,
author = {Livan, Giacomo and Novaes, Marcel and Vivo, Pierpaolo},
title = {{Introduction to Random Matrices Theory and Practice}},
year = {2017},
pages = {1--112},
month = dec
}

@article{Johnson:2013tb,
author = {Johnson, Rie and Zhang, Tong},
title = {{Accelerating Stochastic Gradient Descent using Predictive Variance Reduction}},
year = {2013},
pages = {1--9},
month = aug
}

@article{Bollapragada:2016wt,
author = {Bollapragada, Raghu and Byrd, Richard and Nocedal, Jorge},
title = {{Exact and Inexact Subsampled Newton Methods for Optimization 
}},
year = {2016},
pages = {1--37},
month = sep
}

@article{Bansal:2018gq,
author = {Bansal, Lalit and Sanyal, Apratim and Kabi, Prasenjit and Pathak, Binita and Basu, Saptarshi},
title = {{Engineering Interfacial Processes at Mini-Micro-Nano Scales Using Sessile Droplet Architecture}},
journal = {langmuir},
year = {2018},
volume = {34},
number = {29},
pages = {8423--8442},
month = jul
}

@article{TylerBJohnson:2017vp,
author = {Carlos Guestrin and Johnson, Tyler B},
title = {{StingyCD: Safely Avoiding Wasteful Updates in Coordinate Descent}},
year = {2017},
pages = {1--9},
month = jun
}

@article{deGennes:1985vr,
author = {de Gennes, P G},
title = {{Wetting: statics and dynamics}},
year = {1985},
pages = {1--37},
month = apr
}

@article{Becker:wc,
author = {Becker, S and Kawas, B and Petrik, M and AAAI, KN Ramamurthy and {2017}},
title = {{Robust Partially-Compressed Least-Squares.}},
journal = {aaai.org
}
}

@article{MORIYAMA:2003tl,
author = {MORIYAMA, HIROYUKI and YAMASHITA, NOBUO and FUKUSHIMA, MASAO},
title = {{The Incremental Gauss-Newton Algorithm with Adaptive Stepsize Rule}},
year = {2003},
pages = {1--35},
month = aug
}

@article{Maki:2011ev,
author = {Maki, Kara L and Kumar, Satish},
title = {{Fast Evaporation of Spreading Droplets of Colloidal Suspensions}},
journal = {langmuir},
year = {2011},
volume = {27},
number = {18},
pages = {11347--11363},
month = sep
}

@article{Gould:2016vg,
author = {Gould, Nicholas and Scott, Jennifer},
title = {{The state-of-the-art of preconditioners for sparse linear least-squares problems: the complete results}},
year = {2016},
pages = {1--154},
month = jul
}

@article{xu:2019wr,
author = {xu, Peng and Roosta, Fred and Mahoney, Michael},
title = {{Newton-Type Methods for Non-Convex Optimization Under Inexact Hessian Information 
}},
year = {2019},
pages = {1--32},
month = may
}

@inproceedings{10.1145/2488608.2488622,
author = {Nelson, Jelani and Nguy A n, Huy L},
title = {{Sparsity Lower Bounds for Dimensionality Reducing Maps}},
booktitle = {Proceedings of the Forty-Fifth Annual ACM Symposium on Theory of Computing},
year = {2013},
pages = {101--110},
publisher = {Association for Computing Machinery},
address = {New York, NY, USA}
}

@article{TROPP:2017ta,
author = {TROPP, JOEL A and OYMAK, SAMET},
title = {{UNIVERSALITY LAWS FOR RANDOMIZED DIMENSION REDUCTION, WITH APPLICATIONS}},
year = {2017},
pages = {1--88},
month = sep
}

@article{Defazio:2014vu,
author = {Defazio, Aaron and Bach, Francis and Lacoste-Julien, Simon},
title = {{SAGA: A Fast Incremental Gradient Method With Support for Non-Strongly Convex Composite Objectives 
}},
year = {2014},
pages = {1--15},
month = dec
}

@article{CesaBianchi:2004gp,
author = {Cesa-Bianchi, N and Conconi, A and Gentile, C},
title = {{On the Generalization Ability of On-Line Learning Algorithms}},
journal = {IEEE Transactions on Information Theory},
year = {2004},
volume = {50},
number = {9},
pages = {2050--2057},
month = sep
}

@article{Molchanov:2015gi,
author = {Molchanov, S P and Roldughin, V I and Chernova-Kharaeva, I A},
title = {{Initial contact angles of dispersion droplets and structure of ring-shaped deposits resulting from capillary self-assembling of particles}},
journal = {Colloid Journal},
year = {2015},
volume = {77},
number = {6},
pages = {761--769},
month = nov
}

@article{Liu:2017fn,
author = {Liu, Yang and Li, Fushan and Xu, Zhongwei and Zheng, Congxiu and Guo, Tailiang and Xie, Xiangwei and Qian, Lei and Fu, Dong and Yan, Xiaolin},
title = {{Efficient All-Solution Processed Quantum Dot Light Emitting Diodes Based on Inkjet Printing Technique}},
journal = {ACS Applied Materials and Interfaces},
year = {2017},
volume = {9},
number = {30},
pages = {25506--25512},
month = aug
}

@inproceedings{Wray:2015jf,
author = {Wray, Alexander W and Papageorgiou, Demetrios T and Craster, Richard V and Sefiane, Khellil and Matar, Omar K},
title = {{Electrostatic suppression of the ``coffee-stain effect''}},
booktitle = {IUTAM Symposium on Multiphase flows with phase change: challenges and opportunities},
year = {2015},
editor = {Sahu, K C},
pages = {172--177},
annote = {IUTAM Symposium on Multiphase Flows with Phase Change Challenges and Opportunities, Indian Inst Technol, Hyderabad, INDIA, DEC 08-11, 2014}
}

@article{Thompson:2012vj,
author = {Thompson, Andrew J},
title = {{Quantitative analysis of algorithms for compressed signal recovery}},
year = {2012},
pages = {1--190},
month = nov
}

@article{Goel:2005aa,
author = {Goel, Navin and Bebis, George and Nefian, Ara},
title = {{Face recognition experiments with random projection}},
journal = {Biometric Technology for Human Identification II},
year = {2005},
month = mar
}

@article{ISI:A1992JW13100007,
author = {LEE, T H and CROMPTON, J},
title = {{MEASURING NOVELTY SEEKING IN TOURISM}},
journal = {ANNALS OF TOURISM RESEARCH},
year = {1992},
volume = {19},
number = {4},
pages = {732--751}
}

@article{Chan:2019tja,
author = {Chan, Tony and Hansen, Per Christian},
title = {{SOME APPLICATIONS OF THE RANK REVEALING QR FACTORIZATION
}},
journal = {SIAM J. Sci. Stat. Comput.},
year = {1992},
pages = {1--15},
month = jun
}

@article{Qu:2016ve,
author = {Qu, Zheng and Richt{\'a}rik, Peter and Tak{\'a}{\v c}, Martin and Feroq, Olivier},
title = {{SDNA: Stochastic Dual Newton Ascent for Empirical Risk Minimization}},
year = {2016},
pages = {1--10},
month = may
}

@article{Li:2013aa,
author = {Li, Mu and Miller, Gary L and Peng, Richard},
title = {{Iterative Row Sampling}},
journal = {2013 IEEE 54th Annual Symposium on Foundations of Computer Science},
year = {2013},
month = oct
}

@article{Li:2015js,
author = {Li, Yanshen and Lv, Cunjing and Li, Zhaohan and Quere, David and Zheng, Quanshui},
title = {{From coffee rings to coffee eyes}},
journal = {Soft Matter},
year = {2015},
volume = {11},
number = {23},
pages = {4669--4673}
}

@article{Rokhlin:2008fl,
author = {Rokhlin, Vladimir and Tygert, Mark},
title = {{A fast randomized algorithm for overdetermined linear least-squares regression}},
journal = {Proceedings of the National Academy of Sciences},
year = {2008},
volume = {105},
number = {36},
pages = {13212--13217},
month = sep
}

@article{Tikhomirov:2016fy,
author = {Tikhomirov, Konstantin E},
title = {{The smallest singular value of random rectangular matrices with no moment assumptions on entries}},
journal = {Israel Journal of Mathematics},
year = {2016},
volume = {212},
number = {1},
pages = {289--314},
month = jan
}

@article{Seo:2017cb,
author = {Seo, Changdeok and Jang, Daeho and Chae, Jongjin and Shin, Sehyun},
title = {{Altering the coffee-ring effect by adding a surfactant-like viscous polymer solution}},
journal = {Scientific Reports},
year = {2017},
volume = {7},
month = mar
}

@article{ISI:000307207300025,
author = {MacDonald, Brendan D and Ward, C A},
title = {{Onset of Marangoni convection for evaporating sessile droplets}},
journal = {JOURNAL OF COLLOID AND INTERFACE SCIENCE},
year = {2012},
volume = {383},
pages = {198--207},
month = oct
}

@article{Clarkson:2013ab,
author = {Clarkson, Kenneth L and Drineas, Petros and Magdon-Ismail, Malik and Mahoney, Michael W and Meng, Xiangrui and Woodruff, David P},
title = {{The Fast Cauchy Transform and Faster Robust Linear Regression}},
journal = {Proceedings of the Twenty-Fourth Annual ACM-SIAM Symposium on Discrete Algorithms},
year = {2013},
pages = {466--477},
month = jan
}

@article{Ky:2015aa,
author = {Ky, Vu Khac and {others}},
title = {{Using the Johnson-Lindenstrauss lemma in linear and integer programming}},
journal = {arXiv eprint},
year = {2015}
}

@article{Dolan:2002wm,
author = {Dolan, Elizabeth D and Mor{\'e}, Jorge J},
title = {{Benchmarking optimization software with performance profiles}},
journal = {Mathematical Programming},
year = {2002},
volume = {91},
number = {2},
pages = {201--213}
}

@article{Halko:2011aa,
author = {Halko, N and Martinsson, P G and Tropp, J A},
title = {{Finding Structure with Randomness: Probabilistic Algorithms for Constructing Approximate Matrix Decompositions}},
journal = {SIAM Review},
year = {2011},
volume = {53},
number = {2},
pages = {217--288},
month = jan
}

@article{Woodruff:2014aa,
author = {Woodruff, David P},
title = {{Sketching as a Tool for Numerical Linear Algebra}},
journal = {Foundations and Trend in Theoretical Computer Science},
year = {2014}
}

@article{Chung:2016aa,
author = {Chung, A G and Shafiee, M J and Wong, A},
title = {{Random feature maps via a Layered Random Projection (LARP) framework for object classification}},
journal = {2016 IEEE International Conference on Image Processing (ICIP)},
year = {2016},
month = sep
}

@article{Anonymous:mxHuzxWQ,
title = {{The Psychological Consequences of Money}},
year = {2006},
pages = {1--5},
month = nov
}

@article{BELLAVIA:2018vg,
author = {BELLAVIA, STEFANIA and GURIOLI, GIANMARCO and MORINI, BENEDETTA},
title = {{THEORETICAL STUDY OF AN ADAPTIVE CUBIC REGULARIZATION METHOD WITH DYNAMIC INEXACT HESSIAN INFORMATION }},
year = {2018},
pages = {1--21},
month = aug
}

@article{BLATT:2007ep,
author = {BLATT, DORON and Hero, Alfred O and GAUCHMAN, HILLEL},
title = {{A Convergent Incremental Gradient Method with a Constant Step Size}},
journal = {SIAM Journal on Optimization},
year = {2007},
volume = {18},
number = {1},
pages = {29--51},
month = jan
}

@article{FORCADA:1993et,
author = {FORCADA, M L and MATE, C M},
title = {{MOLECULAR LAYERING DURING EVAPORATION OF ULTRATHIN LIQUID-FILMS}},
journal = {Nature},
year = {1993},
volume = {363},
number = {6429},
pages = {527--529},
month = jun
}

@article{BLATT:2004wa,
author = {BLATT, DORON and HERO, ALFRED and GAUCHMAN, HILLEL},
title = {{A CONVERGENT INCREMENTAL GRADIENT METHOD WITH A CONSTANT STEP SIZE 
}},
year = {2004},
pages = {1--20},
month = sep
}

@article{Avron:2018tt,
author = {Avron, Haim and Kapralov, M and Musco, Cameron},
title = {{A Universal Sampling Method for Reconstructing Signals with Simple Fourier Transforms 
}},
year = {2018},
pages = {1--76},
month = dec
}

@article{Lan:2017bk,
author = {Lan, Guanghui and Zhou, Yi},
title = {{An optimal randomized incremental gradient method}},
journal = {Mathematical Programming},
year = {2017},
volume = {171},
number = {1},
pages = {167--215},
month = jun
}

@incollection{Newton:2018fb,
author = {Newton, David and Yousefian, Farzad and Pasupathy, Raghu},
title = {{Stochastic Gradient Descent: Recent Trends}},
booktitle = {Recent Advances in Optimization and Modeling of Contemporary Problems},
year = {2018},
pages = {193--220},
publisher = {INFORMS},
month = oct
}

@inproceedings{Nelson:te,
author = {Nelson, J and Nguy{\^e}n, H L},
title = {{OSNAP: Faster Numerical Linear Algebra Algorithms via Sparser Subspace Embeddings}},
booktitle = {2013 IEEE 54th Annual Symposium on Foundations of Computer Science IS -},
pages = {117--126}
}

@article{Anonymous:cz6-g9PO,
title = {{COUNTERING ADVERSARIAL IMAGES USING INPUT TRANSFORMATIONS 
}},
year = {2018},
pages = {1--12},
month = jan
}

@article{Cartis:2018wg,
author = {Cartis, Coralia and roberts, lindon and sheridan-methven, oliver},
title = {{Escaping local minima with derivative-free methods: a numerical investigation}},
year = {2018},
pages = {1--22},
month = dec
}

@article{Eales:2016ev,
author = {Eales, Adam D and Routh, Alexander F},
title = {{Elimination of Coffee-Ring Formation by Humidity Cycling: A Numerical Study}},
journal = {langmuir},
year = {2016},
volume = {32},
number = {2},
pages = {505--511},
month = jan
}

@article{Shin:2011dt,
author = {Shin, Kwon-Yong and Lee, Sang-Ho and Oh, Je Hoon},
title = {{Solvent and substrate effects on inkjet-printed dots and lines of silver nanoparticle colloids}},
journal = {JOURNAL OF MICROMECHANICS AND MICROENGINEERING},
year = {2011},
volume = {21},
number = {4},
pages = {045012},
month = apr
}

@article{Anonymous:7HSFhV6v,
title = {{Almost Optimal Explicit Johnson-Lindenstrauss Transformations}},
year = {2011},
pages = {1--13},
month = apr
}

@article{Zhong:2015hb,
author = {Zhong, Xin and Crivoi, Alexandru and Duan, Fei},
title = {{Sessile nanofluid droplet drying}},
journal = {Advances in Colloid and Interface Science},
year = {2015},
volume = {217},
pages = {13--30},
month = mar
}

@article{10.1561/2200000035,
author = {Mahoney, Michael W},
title = {{Randomized Algorithms for Matrices and Data}},
journal = {Foundations and Trends{\textregistered} in Machine Learning},
year = {2011},
volume = {3},
number = {2},
pages = {123--224},
month = feb
}

@article{Ky:2017aa,
author = {Ky, Vu Khac and {others}},
title = {{Random projections for linear programming}},
journal = {arXiv eprint},
year = {2017}
}

@article{Gao:2016aa,
author = {Gao, Yuefang and Shan, Xin and Hu, Zexi and Wang, Dong and Li, Ya and Tian, Xuhong},
title = {{Extended compressed tracking via random projection based on MSERs and online LS-SVM learning}},
journal = {Pattern Recognition},
year = {2016},
volume = {59},
pages = {245--254},
month = nov
}

@article{Yang:2016aa,
author = {Yang, Jiyan and Meng, Xiangrui and Mahoney, Michael W},
title = {{Implementing Randomized Matrix Algorithms in Parallel and Distributed Environments}},
journal = {Proceedings of the IEEE},
year = {2016},
volume = {104},
number = {1},
pages = {58--92},
month = jan
}

@article{Tao:2010wm,
author = {Tao, Terence},
title = {{\textbf{Least singular value, circular law, and Lindeberg exchange }
}},
year = {2010},
pages = {1--39},
month = mar
}

@article{Kang:2016hj,
author = {Kang, Saeed Jafari and Vandadi, Vahid and Felske, James D and Masoud, Hassan},
title = {{Alternative mechanism for coffee-ring deposition based on active role of free surface}},
journal = {Physical Review E},
year = {2016},
volume = {94},
number = {6},
pages = {063104},
month = dec
}

@article{Chauhan:2017vc,
author = {Chauhan, Vinod Kumar},
title = {{Mini-batch Block-coordinate based Stochastic Average Adjusted Gradient Methods to Solve Big Data Problems}},
year = {2017},
pages = {1--16},
month = nov
}

@article{Perekrestenko:2017tg,
author = {Perekrestenko, Dmytro},
title = {{Faster Coordinate Descent via Adaptive Importance Sampling}},
year = {2017},
pages = {1--18},
month = mar
}

@article{ISI:000078931900004,
author = {Arrindell, W A and Heesink, J and Feij, J A},
title = {{The Satisfaction With Life Scale (SWLS): appraisal with 1700 healthy young adults in The Netherlands}},
journal = {PERSONALITY AND INDIVIDUAL DIFFERENCES},
year = {1999},
volume = {26},
number = {5},
pages = {815--826},
month = may
}

@article{ISI:000259842500009,
author = {Juslin, Patrik N and Lijestrom, Simon and Vastfjall, Daniel and Barradas, Goncalo and Silva, Ana},
title = {{An Experience Sampling Study of Emotional Reactions to Music: Listener, Music, and Situation}},
journal = {EMOTION},
year = {2008},
volume = {8},
number = {5},
pages = {668--683},
month = oct
}

@article{ISI:000184738400004,
author = {Rotunda, R J and Kass, S J and Sutton, M A and Leon, D T},
title = {{Internet use and misuse - Preliminary findings from a new assessment instrument}},
journal = {BEHAVIOR MODIFICATION},
year = {2003},
volume = {27},
number = {4},
pages = {484--504},
month = sep
}

@article{Vaswani:2019ua,
author = {Vaswani, Sharan and Bach, Francis and SCHMIDT, MARK},
title = {{Fast and Faster Convergence of SGD for Over-Parametrized Models (and an Accelerated Perceptron)}},
year = {2019},
pages = {1--23},
month = apr
}

@article{Shum:2016aa,
author = {Shum, Matthew and Chiong, Khai X},
title = {{Random Projection Estimation of Discrete-Choice Models with Large Choice Sets}},
journal = {SSRN Electronic Journal},
year = {2016}
}

@article{Hanzely:2018um,
author = {Hanzely, Filip and Mishchenko, Konstantin and Richt{\'a}rik, Peter},
title = {{SEGA: Variance Reduction via Gradient Sketching 
}},
year = {2018},
pages = {1--50},
month = oct
}

@article{Anyfantakis:2015ge,
author = {Anyfantakis, Manos and Baigl, Damien},
title = {{Manipulating the Coffee-Ring Effect: Interactions at Work}},
journal = {ChemPhysChem},
year = {2015},
volume = {16},
number = {13},
pages = {2726--2734},
month = sep
}

@article{Konecny:2018tx,
author = {Konecny, Jakub and Qu, Zheng and Richt{\'a}rik, Peter},
title = {{Semi-Stochastic Coordinate Descent 
}},
year = {2018},
pages = {1--14},
month = mar
}

@article{Dhavaleswarapu:2010ku,
author = {Dhavaleswarapu, Hemanth K and Migliaccio, Christopher P and Garimella, Suresh V and Murthy, Jayathi Y},
title = {{Experimental Investigation of Evaporation from Low-Contact-Angle Sessile Droplets}},
journal = {langmuir},
year = {2010},
volume = {26},
number = {2},
pages = {880--888},
month = jan
}

@article{Katz:2016vh,
author = {Katz, Reuven},
title = {{Challenges in Doctoral Research Project Management: A Comparative Study}},
year = {2016},
pages = {1--21},
month = mar
}

@article{Gurbuzbalaban:2015fe,
author = {G{\"u}rb{\"u}zbalaban, M and Ozdaglar, A and Parrilo, P},
title = {{A globally convergent incremental Newton method}},
journal = {Mathematical Programming},
year = {2015},
pages = {1--31},
month = apr
}

@article{Lynch:2018hi,
author = {Lynch, Martin F},
title = {{Internal Motivation among Doctoral Students: Contributions from the Student and from the Student{\textquoteright}s Environment}},
journal = {International Journal of Doctoral Studies},
year = {2018},
volume = {13},
pages = {255--272}
}

@article{Tropp:wr,
author = {Tropp, Joel},
title = {{Improved Analysis of the Subsamples Randomized Hadamard Transform}},
journal = {Advances in Adaptive Data Analysis},
volume = {03}
}

@article{Alessandri:2007fb,
author = {Alessandri, A and Cuneo, M and Pagnan, S and Sanguineti, M},
title = {{A recursive algorithm for nonlinear least-squares problems}},
journal = {Computational Optimization and Applications},
year = {2007},
volume = {38},
number = {2},
pages = {195--216},
month = may
}

@article{Edelman:1988fj,
author = {Edelman, Alan},
title = {{Eigenvalues and Condition Numbers of Random Matrices}},
journal = {SIAM Journal on Matrix Analysis and Applications},
year = {1988},
volume = {9},
number = {4},
pages = {543--560},
month = jul
}

@article{Nemirovski:2009kb,
author = {Nemirovski, A and Juditsky, A and Lan, G and Shapiro, A},
title = {{Robust Stochastic Approximation Approach to Stochastic Programming}},
journal = {SIAM Journal on Optimization},
year = {2009},
volume = {19},
number = {4},
pages = {1574--1609},
month = jan
}

@article{ORourke:2016gi,
author = {O'Rourke, Sean and Van Vu and Wang, Ke},
title = {{Eigenvectors of random matrices: A survey}},
journal = {Journal of Combinatorial Theory, Series A},
year = {2016},
volume = {144},
number = {C},
pages = {361--442},
month = nov
}

@article{Bergou:2018wu,
author = {Bergou, El-houcine and Diouane, Youssef and Kungurtsev, Vyacheslav and Royer, Cl{\'e}ment W},
title = {{A Subsampling Line-Search Method with Second-Order Results}},
journal = {arxiv.org
},
year = {2018},
eprint = {1810.07211},
eprinttype = {arxiv},
month = oct
}

@article{ISI:000263565800008,
author = {Pekrun, Reinhard and Elliot, Andrew J and Maier, Markus A},
title = {{Achievement Goals and Achievement Emotions: Testing a Model of Their Joint Relations With Academic Performance}},
journal = {JOURNAL OF EDUCATIONAL PSYCHOLOGY},
year = {2009},
volume = {101},
number = {1},
pages = {115--135},
month = feb
}

@article{Rudelson:2009ko,
author = {Rudelson, Mark and Vershynin, Roman},
title = {{Smallest singular value of a random rectangular matrix}},
journal = {Communications on Pure and Applied Mathematics},
year = {2009},
volume = {62},
number = {12},
pages = {1707--1739}
}

@article{Anonymous:WM3JhsHF,
title = {{Elemental: A New Framework for Distributed Memory Dense Matrix Computations}},
year = {2011},
pages = {1--26},
month = jan
}

@article{Crivoi:2014et,
author = {Crivoi, A and Duan, Fei},
title = {{Three-dimensional Monte Carlo model of the coffee-ring effect in evaporating colloidal droplets}},
journal = {Scientific Reports},
year = {2014},
volume = {4},
pages = {4310},
month = mar
}

@article{Eales:2016ea,
author = {Eales, A D and Dartnell, N and Goddard, S and Routh, A F},
title = {{Thin, binary liquid droplets, containing polymer: an investigation of the parameters controlling film shape}},
journal = {Journal of Fluid Mechanics},
year = {2016},
volume = {794},
pages = {200--232},
month = may
}

@article{Zhang:2017ff,
author = {Zhang, Jianguo and Milzetti, Jasmin and Leroy, Frederic and Mueller-Plathe, Florian},
title = {{Formation of coffee-stain patterns at the nanoscale: The role of nanoparticle solubility and solvent evaporation rate}},
journal = {Journal of Chemical Physics},
year = {2017},
volume = {146},
number = {11},
month = mar
}

@article{Gower:2015ab,
author = {{Gower} and {richtarik}},
title = {{Stochastic Dual Ascent for Solving Linear Systems}},
journal = {arXiv eprint},
year = {2015}
}

@article{Leroux:2013tj,
author = {Le roux, Nichlas and SCHMIDT, MARK and Bach, Francis},
title = {{A Stochastic Gradient Method with an Exponential Convergence Rate for Finite Training Sets 
}},
year = {2013},
pages = {1--34},
month = mar
}

@article{Bertozzi:1994we,
author = {Bertozzi, A and Brenner, M P and Dupont, T F},
title = {{Singularities and Similarities in Interface Flows }},
year = {1994},
pages = {1--58},
month = jan
}

@article{Bourgain:2015tc,
author = {Bourgain, Jean and Dirksen, Sjoerd and Nelson, Jelani},
title = {{Toward a unified theory of sparse dimensionality reduction in Euclidean space}},
journal = {Geometric and Functional Analysis},
year = {2015},
volume = {25},
number = {4},
pages = {1009--1088}
}

@article{Oliver:2015in,
author = {Oliver, James Mark},
title = {{On contact-line dynamics with mass transfer}},
journal = {doi.org},
year = {2015},
pages = {1--49},
month = aug
}

@article{Martens:2014vo,
author = {Martens, James},
title = {{Deep learning via Hessian-free optimization}},
year = {2014},
pages = {1--8},
month = aug
}

@article{Iyer:2015aa,
author = {Iyer, Chander and Avron, Haim and Kollias, Georgios and Ineichen, Yves and Carothers, Christopher and Drineas, Petros},
title = {{A scalable randomized least squares solver for dense overdetermined systems}},
journal = {Proceedings of the 6th Workshop on Latest Advances in Scalable Algorithms for Large-Scale Systems - ScalA '15},
year = {2015}
}

@article{ISI:A1997WE23700008,
author = {Blaszczynski, A and Steel, Z and McConaghy, N},
title = {{Impulsivity in pathological gambling: The antisocial impulsivist}},
journal = {ADDICTION},
year = {1997},
volume = {92},
number = {1},
pages = {75--87},
month = jan
}

@article{Anonymous:2019vg,
title = {{Johnson-Lindenstrauss Property Implies Subspace Restricted Isometry Property 
}},
year = {2019},
pages = {1--26},
month = may
}

@article{Bluhm:2017cf,
author = {Bluhm, Andreas and Franca, Daniel Stilck},
title = {{Dimensionality reduction of SDPs through sketching}},
journal = {arXiv.org},
year = {2017},
eprint = {1707.09863v2},
eprinttype = {arxiv},
eprintclass = {math.OC},
month = jul,
annote = {15 pages. Significantly shortened and presentation streamlined}
}

@article{Gratton:2015ih,
author = {Gratton, S and Royer, C W and Vicente, L N and Zhang, Z},
title = {{Direct Search Based on Probabilistic Descent}},
journal = {SIAM Journal on Optimization},
year = {2015},
volume = {25},
number = {3},
pages = {1515--1541},
month = jan
}

@article{Mokhtari:2015ww,
author = {Mokhtari, Aryan and Ribeiro, Alejandro},
title = {{Global Convergence of Online Limited Memory BFGS}},
year = {2015},
pages = {1--31},
month = dec
}

@article{Mairal:2015uy,
author = {Mairal, Julien},
title = {{INCREMENTAL MAJORIZATION-MINIMIZATION OPTIMIZATION WITH APPLICATION TO LARGE-SCALE MACHINE LEARNING$^{{\textasteriskcentered} }$
}},
year = {2015},
pages = {1--27},
month = feb
}

@article{ELGAR:2018vt,
author = {ELGAR, FRANK J},
title = {{\textbf{PHD DEGREE COMPLETION IN CANADIAN UNIVERSITIES }
}},
year = {2018},
pages = {1--38},
month = aug
}

@article{Wang:2018ue,
author = {Wang, Ruosong and Woodruff, David P},
title = {{Tight Bounds for l$_{p }$Oblivious Subspace Embeddings 
}},
year = {2018},
pages = {1--35},
month = apr
}

@article{Brotheridge:2010we,
author = {Brotheridge, Ce leste M},
title = {{Development and validation of the Emotional Labour Scale}},
year = {2010},
pages = {1--15},
month = sep
}

@article{PAUL:2014aa,
author = {PAUL, SAURABH and {others}},
title = {{Random Projections for Linear Support Vector Machines}},
journal = {arXiv eprint},
year = {2014}
}

@article{Chen:2017aa,
author = {Chen, Yang and Ding, Cong and Hu, Jiyao and Chen, Ruichuan and Hui, Pan and Fu, Xiaoming},
title = {{Building and Analyzing a Global Co-Authorship Network Using Google Scholar Data}},
journal = {Proceedings of the 26th International Conference on World Wide Web Companion - WWW '17 Companion},
year = {2017}
}

@article{Meng:2014ab,
author = {Meng, Xiangrui},
title = {{RANDOMIZED ALGORITHMS FOR LARGE-SCALE STRONGLY OVER-DETERMINED LINEAR REGRESSION PROBLEMS}},
journal = {Dissertation},
year = {2014}
}

@article{Minamino:2014fd,
author = {Minamino, Ryoko and Tateno, Masaki},
title = {{Tree Branching: Leonardo da Vinci's Rule versus Biomechanical Models}},
journal = {PLoS ONE},
year = {2014},
volume = {9},
number = {4},
pages = {e93535--12},
month = apr
}

@article{Devine:2016wh,
author = {Devine, Karen H Hunter and Kay},
title = {{Doctoral Students{\textquoteright} Emotional Exhaustion and Intentions to Leave Academia}},
year = {2016},
pages = {1--27},
month = jan
}

@article{Baldwin:2014jg,
author = {Baldwin, K A and Fairhurst, D j},
title = {{The effects of molecular weight, evaporation rate and polymer concentration on pillar formation in drying poly(ethylene oxide) droplets}},
journal = {Colloid and Surfaces A: Physicochemecal and Engineering Aspects},
year = {2014},
volume = {441},
pages = {867--871},
month = jan,
annote = {5th International Workshop Bubble and Drop Interfaces, Krakow, POLAND, MAY 21-24, 2012}
}

@article{Anonymous:T9dqrfwG,
title = {{arXiv:1711.10306v2 [math.ST] 30 Nov 2017}},
year = {2017},
pages = {1--49},
month = dec
}

@article{Byrd:2011ewa,
author = {Byrd, Richard H and Chin, Gillian M and Neveitt, Will and Nocedal, Jorge},
title = {{On the Use of Stochastic Hessian Information in Optimization Methods for Machine Learning}},
journal = {SIAM Journal on Optimization},
year = {2011},
volume = {21},
number = {3},
pages = {977--995},
month = jul
}

@article{Larsen:2017aa,
author = {Larsen, Kasper Green and Nelson, Jelani},
title = {{Optimality of the Johnson-Lindenstrauss Lemma}},
journal = {2017 IEEE 58th Annual Symposium on Foundations of Computer Science (FOCS)},
year = {2017},
month = oct
}

@article{Yang:wi,
author = {Yang, J and Chow, Y L and R{\'e}, C and Learning, MW Mahoney The Journal of Machine and {2017}},
title = {{Weighted SGD for $\ell$ p regression with randomized preconditioning}},
journal = {jmlr.org
}
}

@article{Xiao:2010uq,
author = {Xiao, Lin},
title = {{Dual Averaging Methods for Regularized Stochastic Learning and Online Optimization}},
year = {2010},
pages = {1--54},
month = oct
}

@article{Avron:2009aa,
author = {Avron, Haim and Ng, Esmond and Toledo, Sivan},
title = {{Using Perturbed QR Factorizations to Solve Linear Least-Squares Problems}},
journal = {SIAM Journal on Matrix Analysis and Applications},
year = {2009},
volume = {31},
number = {2},
pages = {674--693},
month = jan
}

@article{Pilanci:2016aa,
author = {Pilanci, Mert and Wainwright, Martin J},
title = {{Iterative Hessian Sketch: Fast and Accurate Solution Approximation for Constrained Least-Squares}},
journal = {Journal of Machine Learning Research 17},
year = {2016}
}

@article{Schraudolph:2002tb,
author = {Schraudolph, Nicol N},
title = {{\textbf{Fast Curvature Matrix-Vector Products for Second-Order Gradient Descent }
}},
year = {2002},
pages = {1--16},
month = sep
}

@article{Anonymous:2004jr,
title = {{Separate Neural Systems Value Immediate and Delayed Monetary Rewards}},
year = {2004},
pages = {1--6},
month = oct
}

@article{10.1145/2483699.2483701,
author = {Ailon, Nir and Liberty, Edo},
title = {{An Almost Optimal Unrestricted Fast Johnson-Lindenstrauss Transform}},
journal = {ACM Transactions on Algorithms},
year = {2013},
volume = {9},
number = {3},
pages = {1--12},
month = jun
}

@article{Davis:2006aa,
author = {Davis, Timothy A},
title = {{Direct Methods for Sparse Linear Systems}},
year = {2006},
month = jan
}

@article{Skoglund:2015wx,
author = {Skoglund, Martin A and Hendeby, Gustaf and Axehill, Daniel},
title = {{Extended Kalman filter modifications based on an optimization view point}},
journal = {2015 18th International Conference on Information Fusion (Fusion)},
year = {2015},
pages = {1856--1861},
month = jul
}

@article{Das:2017de,
author = {Das, Shyamashis and Dey, Atreya and Reddy, Govardhan and Sarma, D D},
title = {{Suppression of the Coffee-Ring Effect and Evaporation-Driven Disorder to Order Transition in Colloidal Droplets}},
journal = {Journal of Physical Chemistry Letters},
year = {2017},
volume = {8},
number = {19},
pages = {4704--4709},
month = oct
}

@article{Hazan:2011wo,
author = {Hazan, Elad and Kale, Satyen},
title = {{Beyond the regret minimization barrier: an optimal algorithm for stochastic strongly-convex optimization}},
year = {2011},
pages = {1--16},
month = dec
}

@article{Sefiane:2014fl,
author = {Sefiane, Khellil},
title = {{Patterns from drying drops}},
journal = {Advances in Colloid and Interface Science},
year = {2014},
volume = {206},
number = {SI},
pages = {372--381},
month = apr
}

@article{Tao:2011ti,
author = {Tao, Terence},
title = {{Topics in random matrix theory Terence Tao}},
year = {2011},
pages = {1--340},
month = feb
}

@article{Foroughi:2015aa,
author = {Foroughi, Homa and Ray, Nilanjan and Zhang, Hong},
title = {{Robust people counting using sparse representation and random projection}},
journal = {Pattern Recognition},
year = {2015},
volume = {48},
number = {10},
pages = {3038--3052},
month = oct
}

@article{ISI:000242450700002,
author = {Pekrun, Reinhard},
title = {{The control-value theory of achievement emotions: Assumptions, corollaries, and implications for educational research and practice}},
journal = {EDUCATIONAL PSYCHOLOGY REVIEW},
year = {2006},
volume = {18},
number = {4},
pages = {315--341},
month = dec
}

@article{Gower:2015aa,
author = {Gower, Robert M and Richt{\'a}rik, Peter},
title = {{Randomized Iterative Methods for Linear Systems}},
journal = {SIAM Journal on Matrix Analysis and Applications},
year = {2015},
volume = {36},
number = {4},
pages = {1660--1690},
month = jan
}

@article{Saxton:2016de,
author = {Saxton, M A and Whiteley, J P and Vella, D and Oliver, James Mark},
title = {{On thin evaporating drops: When is the -law~valid?}},
journal = {Journal of Fluid Mechanics},
year = {2016},
volume = {792},
pages = {134--167},
month = feb
}

@article{Berinde:2008aa,
author = {Berinde, R and Gilbert, A C and Indyk, P and Karloff, H and Strauss, M J},
title = {{Combining geometry and combinatorics: A unified approach to sparse signal recovery}},
journal = {2008 46th Annual Allerton Conference on Communication, Control, and Computing},
year = {2008},
month = sep
}

@article{Clarkson:2009aa,
author = {Clarkson, Kenneth L and Woodruff, David P},
title = {{Numerical linear algebra in the streaming model}},
journal = {Proceedings of the 41st annual ACM symposium on Symposium on theory of computing - STOC '09},
year = {2009}
}

@inproceedings{10.5555/3019094.3019103,
author = {Iyer, Chander and Carothers, Christopher and Drineas, Petros},
title = {{Randomized Sketching for Large-Scale Sparse Ridge Regression Problems}},
booktitle = {Proceedings of the 7th Workshop on Latest Advances in Scalable Algorithms for Large-Scale Systems},
year = {2016},
pages = {65--72},
publisher = {IEEE Press}
}

@article{Anonymous:xY6BiyuT,
title = {{arXiv:1509.00748v2 [math.FA] 6 Dec 2016}},
year = {2018},
pages = {1--5},
month = feb
}

@article{Sarlos:2006aa,
author = {Sarlos, Tamas},
title = {{Improved Approximation Algorithms for Large Matrices via Random Projections}},
journal = {2006 47th Annual IEEE Symposium on Foundations of Computer Science (FOCS'06)},
year = {2006}
}

@article{Banjac:2018aa,
author = {Banjac, Bartolomeo StellatoGoran and Goulart, Paul and Bemporad, Alberto and Boyd, Stephen},
title = {{OSQP: An Operator Splitting Solver for Quadratic Programs}},
journal = {arXiv eprint},
year = {2018}
}

@article{Zhang:2017vj,
author = {Zhang, Yuchen and Xiao, Lin},
title = {{Stochastic Primal-Dual Coordinate Method for Regularized Empirical Risk Minimization}},
year = {2017},
pages = {1--42},
month = jul
}

@article{Sangani:2009fj,
author = {Sangani, Ashok S and Lu, Changhsin and Su, Kenghsien and Schwarz, James A},
title = {{Capillary force on particles near a drop edge resting on a substrate and a criterion for contact line pinning}},
journal = {Physical Review E},
year = {2009},
volume = {80},
number = {1},
pages = {011603--15},
month = jul
}

@article{Arias:2007vh,
author = {Arias, Ana C and {others}},
title = {{All-additive ink-jet-printed display backplanes: Materials development and integration}},
year = {2007},
pages = {1--6},
month = jun
}

@book{GVK502988711,
author = {Nocedal, Jorge and Wright, Stephen J},
title = {{Numerical optimization}},
publisher = {Springer},
year = {2006},
series = {Springer series in operations research and financial engineering},
address = {New York, NY},
edition = {2. ed.}
}

@inproceedings{Cohen:2015cv,
author = {Cohen, Michael B},
title = {{Nearly Tight Oblivious Subspace Embeddings by Trace Inequalities}},
booktitle = {Proceedings of the Twenty-Seventh Annual ACM-SIAM Symposium on Discrete Algorithms},
year = {2015},
pages = {278--287},
publisher = {Society for Industrial and Applied Mathematics},
address = {Philadelphia, PA},
month = dec
}

@article{Kingma:2017vh,
author = {Kingma, Diederik P and Ba, Jimmy Lei},
title = {{ADAM: A METHOD FOR ADAM: A METHOD FOR STOCHASTIC OPTIMIZATION }},
year = {2017},
pages = {1--15},
month = jan
}

@article{HUGHES:1954gr,
author = {HUGHES, A J},
title = {{The Einstein Relation between Relative Viscosity and Volume Concentration of Suspensions of Spheres}},
journal = {Nature},
year = {1954},
volume = {173},
number = {4414},
pages = {1089--1090},
month = jun
}

@article{Csiba:2016tj,
author = {Csiba, Dominik and Richt{\'a}rik, Peter},
title = {{Coordinate Descent Face-Off: Primal or Dual? }},
year = {2016},
pages = {1--17},
month = may
}

@article{Davis:2011ft,
author = {Davis, Timothy A},
title = {{Algorithm 915, SuiteSparseQR: Multifrontal multithreaded rank-revealing sparse QR factorization}},
journal = {ACM Transactions on Mathematical Software (TOMS)},
year = {2011},
volume = {38},
number = {1},
pages = {8},
month = nov
}

@article{Anonymous:ehNaSExg,
title = {{arXiv:1011.3027v7 [math.PR] 23 Nov 2011}},
year = {2011},
pages = {1--61},
month = nov
}

@article{Anonymous:3hF669Y5,
title = {{Turning Big data into tiny data: Constant-size coresets for k-means, PCA and projective clustering}},
year = {2018},
pages = {1--70},
month = jul
}

@article{Nesterov:2012fa,
author = {Nesterov, Yu},
title = {{Efficiency of Coordinate Descent Methods on Huge-Scale Optimization Problems}},
journal = {SIAM Journal on Optimization},
year = {2012},
volume = {22},
number = {2},
pages = {341--362},
month = jan
}

@article{Anonymous:f2VhnpFh,
title = {{Ridge Regression and Provable Deterministic Ridge Leverage Score Sampling 
}},
year = {2018},
pages = {1--24},
month = dec
}

@article{Wang:2015iz,
author = {Wang, Yilin and Ma, Liran and Xu, Xuefeng and Luo, Jianbin},
title = {{Combined effects of underlying substrate and evaporative cooling on the evaporation of sessile liquid droplets}},
journal = {Soft Matter},
year = {2015},
volume = {11},
number = {28},
pages = {5632--5640}
}

@article{Cagner:2013ux,
author = {Cagner, M and Fracon, M and Thrierr, J C},
title = {{Atlas de ph{\'e}nom{\`e}nes d'optique}},
year = {2013},
pages = {1--96},
month = aug
}

@article{Fedoruk:2018dd,
author = {Fedoruk, John and Schmuland, Byron and Johnson, Julia and Heo, Giseon},
title = {{Dimensionality reduction via the Johnson{\textendash}Lindenstrauss Lemma: theoretical and empirical bounds on embedding dimension}},
journal = {The Journal of Supercomputing},
year = {2018},
volume = {74},
number = {8},
pages = {3933--3949},
month = may
}

@article{Iyer:2016ab,
author = {Iyer, Chander and Avron, Haim and Kollias, Georgios and Ineichen, Yves and Carothers, Christopher and Drineas, Petros},
title = {{A randomized least squares solver for terabyte-sized dense overdetermined systems}},
journal = {Journal of Computational Science},
year = {2016},
month = oct
}

@article{Shi:2018ux,
author = {Shi, Ziqiang and Liu, Rujie},
title = {{A better convergence analysis of the block coordinate descent method for large scale machine learning 
}},
year = {2018},
pages = {1--13},
month = oct
}

@article{Huang:2014tw,
author = {Huang, Po-Sen},
title = {{KERNEL METHODS MATCH DEEP NEURAL NETWORKS ON TIMIT 
}},
year = {2014},
pages = {1--5},
month = mar
}

@article{Iyer:ez,
author = {Iyer, C and Carothers, C and Scalable, P Drineas Latest Advances in and {2016}},
title = {{Randomized Sketching for Large-Scale Sparse Ridge Regression Problems - IEEE Conference Publication}},
journal = {ieeexplore.ieee.org
}
}

@article{meng:2016uf,
author = {meng, Qi},
title = {{Generalization Error Bounds for Optimization Algorithms via Stability 
}},
year = {2016},
pages = {1--10},
month = sep
}

@article{Xu:2017ev,
author = {Xu, Ting and Lam, Miu Ling and Chen, Ting-Hsuan},
title = {{Discrete Element Model for Suppression of Coffee-Ring Effect}},
journal = {Scientific Reports},
year = {2017},
volume = {7},
month = feb
}

@article{Hu:2006gp,
author = {Hu, Hua and Larson, Ronald G},
title = {{Marangoni Effect Reverses Coffee-Ring Depositions}},
journal = {The Journal of Physical Chemistry B},
year = {2006},
volume = {110},
number = {14},
pages = {7090--7094},
month = apr
}

@article{Loizou:2018vr,
author = {Loizou, Nicholas and Richt{\'a}rik, Peter},
title = {{Momentum and Stochastic Momentum for Stochastic Gradient, Newton, Proximal Point and Subspace Descent Methods 
}},
year = {2018},
pages = {1--47},
month = mar
}

@article{Zhang:2016aa,
author = {Zhang, Xiaowei and Cheng, Li and Chu, Delin and Liao, Li-Zhi and Ng, Michael K and Tan, Roger C E},
title = {{Incremental Regularized Least Squares for Dimensionality Reduction of Large-Scale Data}},
journal = {SIAM Journal on Scientific Computing},
year = {2016},
volume = {38},
number = {3},
pages = {B414--B439},
month = jan
}

@article{Dasgupta:2000aa,
author = {{Dasgupta}},
title = {{Experiments with Random Projection}},
journal = {UNCERTAINTY IN ARTIFICIAL INTELLIGENCE PROCEEDINGS},
year = {2000}
}

@article{Martens:2017wt,
author = {Martens, James},
title = {{New insights and perspectives on the natural gradient method 
}},
year = {2017},
pages = {1--59},
month = nov
}

@article{Molchanov:2016ct,
author = {Molchanov, S P and Roldughin, V I and Chernova-Kharaeva, I A and Yurasik, G A},
title = {{Dependence of the structure of ring-shaped deposits resulting from evaporation of dispersion droplets on initial contact angle}},
journal = {Colloid Journal},
year = {2016},
volume = {78},
number = {5},
pages = {633--640},
month = sep
}

@article{Erbil:2015fk,
author = {Erbil, H Yildirim},
title = {{Control of stain geometry by drop evaporation of surfactant containing dispersions}},
journal = {Advances in Colloid and Interface Science},
year = {2015},
volume = {222},
number = {SI},
pages = {275--290},
month = aug
}

@article{Kyng:2018ig,
author = {Kyng, Rasmus and Song, Zhao},
title = {{A Matrix Chernoff Bound for Strongly Rayleigh Distributions and Spectral Sparsifiers from a few Random Spanning Trees}},
journal = {2018 IEEE 59th Annual Symposium on Foundations of Computer Science (FOCS)},
year = {2018},
pages = {373--384},
month = oct
}

@article{Nguyen:2017ia,
author = {Nguyen, Tuan A H and Biggs, Simon R and Nguyen, Anh V},
title = {{Manipulating colloidal residue deposit from drying droplets: Air/liquid interface capture competes with coffee-ring effect}},
journal = {Chemical Engineering Science},
year = {2017},
volume = {167},
pages = {78--87},
month = aug
}

@article{Bertsekas:2010ww,
author = {Bertsekas, Dimitri},
title = {{Incremental Gradient, Subgradient, and Proximal Methods for Convex Optimization: A Survey 
}},
year = {2010},
pages = {1--45},
month = dec
}

@article{ISI:000384575300004,
author = {Hwang, Hochan and Son, Gihun},
title = {{Direct numerical simulation of 3D particle motion in an evaporating liquid film}},
journal = {JOURNAL OF MECHANICAL SCIENCE AND TECHNOLOGY},
year = {2016},
volume = {30},
number = {9},
pages = {3929--3934},
month = sep,
annote = {ASME-JSME-KSME Joint Fluids Engineering Conference (AJK-FED), Seoul, SOUTH KOREA, JUL 26-31, 2015}
}

@article{Matousek:2008aa,
author = {Matou{\v s}ek, Ji r {\'\i}},
title = {{On variants of the Johnson--Lindenstrauss lemma}},
journal = {Random Structures and Algorithms},
year = {2008},
volume = {33},
number = {2},
pages = {142--156},
month = sep
}

@article{10.1561/0400000060,
author = {Woodruff, David P},
title = {{Sketching as a Tool for Numerical Linear Algebra}},
journal = {Found. Trends Theor. Comput. Sci.},
year = {2014},
volume = {10},
number = {1{\textendash}2},
pages = {1--157},
month = oct
}

@article{Baraniuk:ih,
author = {Baraniuk, Richard and Davenport, Mark and DeVore, Ronald and Wakin, Michael},
title = {{A Simple Proof of the Restricted Isometry Property for Random Matrices}},
journal = {Constructive Approximation},
volume = {28},
number = {3},
pages = {253--263}
}

@article{Anonymous:AXhDBiF8,
title = {{An Investigation of Newton-Sketch and Subsampled Newton 
}},
year = {2019},
pages = {1--36},
month = jun
}

@article{Kapralov:uk,
author = {Kapralov, M and Potluru, V and Machine, D Woodruff International Conference on and {2016}},
title = {{How to fake multiply by a Gaussian matrix}},
journal = {jmlr.org
}
}

@article{Bottou:2004wp,
author = {Bottou, Leon and Le Cun, Yann},
title = {{Large Scale Online Learning.}},
year = {2004},
pages = {1--8},
month = aug
}

@article{Gilbert:2001uw,
author = {Gilbert, John and Grigori, Laura},
title = {{A Note on the Column Elimination Tree}},
year = {2001},
pages = {1--11},
month = nov
}

@article{ISI:000176269100004,
author = {Pekrun, R and Goetz, T and Titz, W and Perry, R P},
title = {{Academic emotions in students' self-regulated learning and achievement: A program of qualitative and quantitative research}},
journal = {EDUCATIONAL PSYCHOLOGIST},
year = {2002},
volume = {37},
number = {2},
pages = {91--105},
month = apr
}

@article{Mampallil:2015kf,
author = {Mampallil, Dileep and Reboud, Julien and Wilson, Rab and Wylie, Douglas and Klug, David R and Cooper, Jonathan M},
title = {{Acoustic suppression of the coffee-ring effect}},
journal = {Soft Matter},
year = {2015},
volume = {11},
number = {36},
pages = {7207--7213}
}

@article{Schraudolph:1999vw,
author = {Schraudolph, Nicol N},
title = {{Local Gain Adaptation in Stochastic Gradient Descent}},
year = {1999},
pages = {1--7},
month = aug
}

@article{Fong:2011kg,
author = {Fong, David Chin-Lung and Saunders, Michael},
title = {{LSMR: An Iterative Algorithm for Sparse Least-Squares Problems}},
journal = {SIAM Journal on Scientific Computing},
year = {2011},
volume = {33},
number = {5},
pages = {2950--2971},
month = oct
}

@article{FRIEDLANDER:2012wi,
author = {FRIEDLANDER, MICHAEL P and Saunders, Michael A},
title = {{A DUAL ACTIVE-SET QUADRATIC PROGRAMMING METHOD FOR FINDING SPARSE LEAST-SQUARES SOLUTIONS 
}},
year = {2012},
pages = {1--22},
month = jul
}

@article{Avron:2016wb,
author = {Avron, Haim and Clarkson, Kenneth L and Woodruff, David P},
title = {{Sharper Bounds for Regularized Data Fitting}},
journal = {arXiv.org},
year = {2016},
eprint = {1611.03225v2},
eprinttype = {arxiv},
eprintclass = {cs.DS},
month = nov
}

@article{Anonymous:9hX__7z3,
title = {{Subspace Clustering for High Dimensional Data: A Review}},
year = {2019},
pages = {1--16},
month = jan
}

@article{Zhou:2018tt,
author = {Zhou, Dongruo and Xu, Pan and Gu, Quanquan},
title = {{Stochastic Variance-Reduced Cubic Regularized Newton Method}},
year = {2018},
pages = {1--16},
month = feb
}

@article{Anonymous:dQbSsd45,
title = {{Supplementary Material for {\textquoteleft}New Subsampling Algorithms for Fast Least Squares Regression{\textquoteright}}},
year = {2013},
pages = {1--10},
month = oct
}

@article{Anonymous:dh00VvXk,
title = {{Derivative-free optimization methods}},
year = {2019},
pages = {1--94},
month = apr
}

@article{lee:2016aa,
author = {lee, yin tat},
title = {{faster algorithms for convex and combinatorial optimization}},
journal = {mit thesis},
year = {2016}
}

@article{Tekin:2007da,
author = {Tekin, E and Smith, P J and Hoeppener, S and van den Berg, A M J and Susha, A S and Rogach, A L and Feldmann, J and Schubert, U S},
title = {{Inkjet Printing of Luminescent CdTe Nanocrystal{\textendash}Polymer Composites}},
journal = {Advanced Functional Materials},
year = {2007},
volume = {17},
number = {1},
pages = {23--28},
month = jan
}

@article{doi:10.1137/090767911,
author = {Avron, Haim and Maymounkov, Petar and Toledo, Sivan},
title = {{Blendenpik: Supercharging LAPACK's Least-Squares Solver}},
journal = {SIAM Journal on Scientific Computing},
year = {2010},
volume = {32},
number = {3},
pages = {1217--1236},
month = jan
}

@article{Chin:2018vb,
author = {Chin, Hui Han and Liang, Paul Pu},
title = {{An Empirical Evaluation of Sketched SVD and its Application to Leverage Score Ordering 
}},
year = {2018},
pages = {1--16},
month = dec
}

@article{Lu:2014aa,
author = {Lu, Weizhi and {others}},
title = {{Sparse Matrix-based Random Projection for Classification}},
journal = {arXiv eprint},
year = {2014}
}

@article{Anonymous:cvRaMQBr,
author = {Wang, Wenyu and Wan, Hong and Chang, Kuo-Hao},
title = {{Randommized Block Coordinate Descent STRONG for Large-scale Stochastic Optimization}},
year = {2016},
pages = {1--12},
month = jul
}

@article{Drineas:2012aa,
author = {Drineas, Petros and {others}},
title = {{Fast approximation of matrix coherence and statistical leverage}},
journal = {arXiv eprint},
year = {2012}
}

@article{Wright:2015bn,
author = {Wright, Stephen J},
title = {{Coordinate descent algorithms}},
journal = {Mathematical Programming},
year = {2015},
pages = {1--32},
month = apr
}

@article{Anonymous:8yrIgsbj,
title = {{Generalized Power Method for Sparse Principal Component Analysis}},
year = {2010},
pages = {1--37},
month = feb
}

@article{Curtis:2016tx,
author = {Curtis, Frank},
title = {{A Self-Correcting Variable-Metric Algorithm for Stochastic Optimization}},
year = {2016},
pages = {1--10},
month = may
}

@article{Drineas:2016aa,
author = {Drineas, Petros and Mahoney, Michael W},
title = {{RandNLA}},
journal = {Communications of the ACM},
year = {2016},
volume = {59},
number = {6},
pages = {80--90},
month = may
}

@book{Nelson:2013ie,
author = {Nelson, Jelani and Nguy{\AA}n, Huy L},
title = {{Sparsity lower bounds for dimensionality reducing maps}},
publisher = {ACM},
year = {2013},
month = jun
}

@article{Davis:2010tj,
author = {Davis, Timothy A},
title = {{Davis, orthogonal methods}},
year = {2010},
pages = {1--14},
month = jul
}

@article{Davis:2006wz,
author = {Davis, Tim},
title = {{Algorithm 8xx: CHOLMOD, supernodal sparse Cholesky factorization and update/downdate}},
year = {2006},
pages = {1--13},
month = sep
}

@article{Blanchard:2011fo,
author = {Blanchard, Jeffrey D and Cartis, Coralia and Tanner, Jared},
title = {{Compressed Sensing: How Sharp Is the Restricted Isometry Property?}},
journal = {SIAM Review},
year = {2011},
volume = {53},
number = {1},
pages = {105--125},
month = jan
}

@article{Doumenc:2016io,
author = {Doumenc, Frederic and Salmon, Jean-Baptiste and Guerrier, Beatrice},
title = {{Modeling Flow Coating of Colloidal Dispersions in the Evaporative Regime: Prediction of Deposit Thickness}},
journal = {langmuir},
year = {2016},
volume = {32},
number = {51},
pages = {13657--13668},
month = dec
}

@article{Hocking:2006cu,
author = {Hocking, L M},
title = {{A moving fluid interface on a rough surface}},
journal = {Journal of Fluid Mechanics},
year = {2006},
volume = {76},
number = {04},
pages = {801--17},
month = apr
}

@article{Zhang:2014jf,
author = {Zhang, Kai and Ma, Liran and Xu, Xuefeng and Luo, Jianbin and Guo, Dan},
title = {{Temperature distribution along the surface of evaporating droplets}},
journal = {Physical Review E},
year = {2014},
volume = {89},
number = {3},
month = mar
}

@article{Chan:1987txa,
author = {Chan, Tony},
title = {{Rank Revealing QR Factorizations}},
year = {1987},
pages = {1--16},
month = dec
}

@article{Bourgain:2015id,
author = {Bourgain, Jean and Dirksen, Sjoerd and Nelson, Jelani},
title = {{Toward a unified theory of sparse dimensionality reduction in Euclidean space}},
journal = {Geometric and Functional Analysis},
year = {2015},
volume = {25},
number = {4},
pages = {1009--1088},
month = aug
}

@article{xu:2018tx,
author = {xu, Peng and Roosta-Khorasani, Farbod and Mahoney, Michael W},
title = {{Second-Order Optimization for Non-Convex Machine Learning: An Empirical Study 
}},
year = {2018},
pages = {1--21},
month = feb
}

@article{Vybiral:2011jf,
author = {Vyb{\'\i}ral, Jan},
title = {{A variant of the Johnson{\textendash}Lindenstrauss lemma for circulant matrices}},
journal = {Journal of Functional Analysis},
year = {2011},
volume = {260},
number = {4},
pages = {1096--1105},
month = feb
}

@article{ISI:000425918100035,
author = {Tran, Ha V and Nguyen, Tuan A H and Biggs, Simon R and Nguyen, Anh V},
title = {{On the predictions for diffusion-driven evaporation of sessile droplets with interface cooling}},
journal = {Chemical Engineering Science},
year = {2018},
volume = {177},
pages = {417--421},
month = feb
}

@article{Gower:2016up,
author = {Gower, Robert and Goldfarb, Donald and Richt{\'a}rik, Peter},
title = {{Stochastic Block BFGS: Squeezing More Curvature out of Data 
}},
year = {2016},
pages = {1--22},
month = apr
}

@article{Liu:2019vs,
author = {Liu, Liyuan and Jiang, Haoming and He, Pengcheng and Chen, Weizhu and Liu, Xiaodong and Gao, Jianfeng and Han, Jiawe},
title = {{ON THE VARIANCE OF THE ADAPTIVE LEARNING RATE AND BEYOND 
}},
year = {2019},
pages = {1--14},
month = aug
}

@article{Amari:1998wc,
author = {Amari, Shun-ichi},
title = {{\textbf{Natural Gradient Works Efficiently in Learning }
}},
year = {1998},
pages = {1--36},
month = mar
}

@article{Nocedal:2006uv,
author = {Nocedal, Jorge and Wright, Stephen},
title = {{Numerical Optimization}},
year = {2006},
pages = {1--683},
month = nov
}

@article{doi:10.1137/090767911,
author = {Avron, Haim and Maymounkov, Petar and Toledo, Sivan},
title = {{Blendenpik: Supercharging LAPACK's Least-Squares Solver}},
journal = {SIAM Journal on Scientific Computing},
year = {2010},
volume = {32},
number = {3},
pages = {1217--1236},
month = jan
}

@article{Agarwai:2015vw,
author = {Agarwai, Alekh},
title = {{\textbf{A Lower Bound for the Optimization of Finite Sums }
}},
year = {2015},
pages = {1--19},
month = oct
}

@article{Keskar:2016wu,
author = {Keskar, Nitish Shirish and Berahas, Albert S},
title = {{adaQN: An Adaptive Quasi-Newton Algorithm for Training RNNs 
}},
year = {2016},
pages = {1--15},
month = feb
}

@book{10.5555/248979,
author = {Golub, Gene H and Van Loan, Charles F},
title = {{Matrix Computations (3rd Ed.)}},
publisher = {Johns Hopkins University Press},
year = {1996},
address = {USA}
}

@article{Sanyal:2016cm,
author = {Sanyal, Apratim and Basu, Saptarshi and Chaudhuri, Swetaprovo},
title = {{Controlling particle deposit morphologies in drying nano-particle laden sessile droplets using substrate oscillations}},
journal = {PHYSICAL CHEMISTRY CHEMICAL PHYSICS},
year = {2016},
volume = {18},
number = {21},
pages = {14549--14560},
month = jun
}

@article{Shampine:2007gw,
author = {Shampine, L F},
title = {{Accurate numerical derivatives in MATLAB}},
journal = {ACM Transactions on Mathematical Software},
year = {2007},
volume = {33},
number = {4},
pages = {26--es},
month = aug
}

@article{Meng:2013ub,
author = {Meng, Xiangrui and Mahoney, Michael W},
title = {{Low-distortion Subspace Embeddings in Input-sparsity Time and Applications to Robust Linear Regression 
}},
year = {2013},
pages = {1--23},
month = mar
}

@article{Transtrum:2010ci,
author = {Transtrum, Mark K and Machta, Benjamin B and Sethna, James P},
title = {{Why are Nonlinear Fits to Data so Challenging?}},
journal = {Physical Review Letters},
year = {2010},
volume = {104},
number = {6},
pages = {1--4},
month = feb
}

@article{Parsa:2018jk,
author = {Parsa, Maryam and Harmand, Souad and Sefiane, Khellil},
title = {{Mechanisms of pattern formation from dried sessile drops}},
journal = {Advances in Colloid and Interface Science},
year = {2018},
volume = {254},
pages = {22--47},
month = apr
}

@article{Jones:2006hy,
author = {Jones, A F and Wilson, S D R},
title = {{The film drainage problem in droplet coalescence}},
journal = {Journal of Fluid Mechanics},
year = {2006},
volume = {87},
number = {02},
pages = {263--26},
month = apr
}

@article{Robbins:1951ua,
author = {Robbins, Herbert and Monro, Sutton},
title = {{A stochastic approximation method}},
year = {1951},
pages = {1--8},
month = jan
}

@article{Molchanov:2017dv,
author = {Molchanov, S P and Roldughin, V I and Chernova-Kharaeva, I A and Yurasik, G A},
title = {{Mechanisms of pinning accompanying evaporation of colloidal dispersion droplets}},
journal = {Colloid Journal},
year = {2017},
volume = {79},
number = {2},
pages = {234--243},
month = mar
}

@article{Shabat:2018aa,
author = {Shabat, Gil and Shmueli, Yaniv and Aizenbud, Yariv and Averbuch, Amir},
title = {{Randomized LU decomposition}},
journal = {Applied and Computational Harmonic Analysis},
year = {2018},
volume = {44},
number = {2},
pages = {246--272},
month = mar
}

@article{ISI:000432779300001,
author = {Zhang, Yongjian and Chen, Xubo and Liu, Fenggang and Li, Lei and Dai, Jun and Liu, Teng},
title = {{Enhanced Coffee-Ring Effect via Substrate Roughness in Evaporation of Colloidal Droplets}},
journal = {ADVANCES IN CONDENSED MATTER PHYSICS},
year = {2018}
}

@inproceedings{Mohamed:2017bl,
author = {Mohamed, Hazura and Judi, Hairulliza Mohamad and Mohammad, Rofizah},
title = {{Postgraduate students experience in research supervision}},
booktitle = {THE 4TH INTERNATIONAL CONFERENCE ON MATHEMATICAL SCIENCES: Mathematical Sciences: Championing the Way in a Problem Based and Data Driven Society},
year = {2017},
pages = {050003--7},
publisher = {Author(s)},
month = mar
}

@article{Craster:2008vs,
author = {Craster, R V and Sefiane, K and Matar, O K},
title = {{Pinning, retraction and terracing of evaporating droplets containing nanoparticles}},
journal = {langmuir},
year = {2008},
pages = {1--24},
month = nov
}

@article{Devlin:2016eq,
author = {Devlin, Nicole Raley and Loehr, Katherine and Harris, Michael T},
title = {{The importance of gravity in droplet evaporation: A comparison of pendant and sessile drop evaporation with particles}},
journal = {AIChE Journal},
year = {2016},
volume = {62},
number = {3},
pages = {947--955},
month = mar
}

@article{Richtarik:2012aa,
author = {Richt{\'a}rik, Peter and Tak{\'a}{\v c}, Martin},
title = {{Iteration complexity of randomized block-coordinate descent methods for minimizing a composite function}},
journal = {Mathematical Programming},
year = {2012},
volume = {144},
number = {1-2},
pages = {1--38},
month = dec
}

@article{Boulogne:2015jc,
author = {Boulogne, Francois and Ingremeau, Francois and Dervaux, Julien and Limat, Laurent and Stone, Howard A},
title = {{Homogeneous deposition of particles by absorption on hydrogels}},
journal = {EPL},
year = {2015},
volume = {112},
number = {4},
pages = {48004},
month = nov
}

@article{Dasgupta_2002,
author = {Dasgupta, Sanjoy and Gupta, Anupam},
title = {{An elementary proof of a theorem of Johnson and Lindenstrauss}},
journal = {Random Structures and Algorithms},
year = {2002},
volume = {22},
number = {1},
pages = {60--65},
month = nov
}

@article{BERTSEKA:1996tx,
author = {BERTSEKA, DIMITRI P},
title = {{INCREMENTAL LEAST SQUARES METHODS AND THE EXTENDED KALMAN FILTER 
}},
year = {1996},
pages = {1--16},
month = aug
}

@article{Lauga:2005ti,
author = {Lauga, Eric and Brenner, Michael P and Stone, Howard A},
title = {{Microfluidics: The No-Slip Boundary Condition 
}},
year = {2005},
pages = {1--27},
month = feb
}

@article{Gower:2019vv,
author = {Gower, Robert M and Loizou, nicolas and Qian, Xun and Sailanbayev, Alibek and Shulgin, Egor and Richt{\'a}rik, Peter},
title = {{SGD: General Analysis and Improved Rates}},
year = {2019},
pages = {1--23},
month = may
}

@article{Kollias:aa,
author = {Kollias, G and {others}},
title = {{libSkylark: A Framework for High-Performance Matrix Sketching for Statistical Computing}}
}

@article{MorYosef:2018wq,
author = {Mor-Yosef, Liron and Avron, Haim},
title = {{Sketching for Principal Component Regression 
}},
year = {2018},
pages = {1--28},
month = mar
}

@article{Rajamanickam:2009up,
author = {Rajamanickam, Siva},
title = {{Efficient Algorithms for Sparse Singular Value Decomposition 
}},
year = {2009},
pages = {1--98},
month = nov
}

@article{Sun:2018vy,
author = {Sun, Ruoyu},
title = {{Worst-case Complexity of Cyclic Coordinate Descent: O(n^2) Gap with Randomized Version}},
year = {2018},
pages = {1--47},
month = aug
}

@article{Rabehi:2018aa,
author = {Rabehi, Nadjet and Terbeche, Mekki},
title = {{Fast randomized linear least squares}},
journal = {Journal of Statistics and Management Systems},
year = {2018},
volume = {21},
number = {1},
pages = {107--123},
month = jan
}

@article{Csiba:2015ue,
author = {Csiba, Dominik},
title = {{Stochastic Dual Coordinate Ascent with Adaptive Probabilities}},
year = {2015},
pages = {1--10},
month = may
}

@article{Zhang:2015aa,
author = {Zhang, Shengping and Zhou, Huiyu and Jiang, Feng and Li, Xuelong},
title = {{Robust Visual Tracking Using Structurally Random Projection and Weighted Least Squares}},
journal = {IEEE Transactions on Circuits and Systems for Video Technology},
year = {2015},
volume = {25},
number = {11},
pages = {1749--1760},
month = nov
}

@article{Kaplan:2015cx,
author = {Kaplan, C Nadir and Mahadevan, L},
title = {{Evaporation-driven ring and film deposition from colloidal droplets}},
journal = {Journal of Fluid Mechanics},
year = {2015},
volume = {781},
month = oct
}

@article{Bingham:2001aa,
author = {Bingham, Ella and Mannila, Heikki},
title = {{Random projection in dimensionality reduction}},
journal = {Proceedings of the seventh ACM SIGKDD international conference on Knowledge discovery and data mining - KDD '01},
year = {2001}
}

@article{and:1997ku,
author = {and, F Parisse and Allain, C},
title = {{Drying of Colloidal Suspension Droplets:  Experimental Study and Profile Renormalization}},
journal = {langmuir},
year = {1997},
volume = {13},
number = {14},
pages = {3598--3602},
month = jul
}

@article{Graduate:1997hp,
author = {Graduate, P C Carman Ph D},
title = {{Fluid flow through granular beds}},
journal = {Chemical Engineering Research and Design},
year = {1997},
volume = {75},
number = {Supplement},
pages = {S32--S48},
month = dec
}

@article{Marsaglia:2000aa,
author = {Marsaglia, George and Tsang, Wai Wan},
title = {{The Ziggurat Method for Generating Random Variables}},
journal = {Journal of Statistical Software},
year = {2000},
volume = {5},
number = {8}
}

@article{Dirksen:2015dv,
author = {Dirksen, Sjoerd},
title = {{Tail bounds via generic chaining}},
journal = {Electronic Journal of Probability},
year = {2015},
volume = {20},
number = {0},
pages = {1--30}
}

@article{Chen:2013bx,
author = {Chen, Weikang and Koplik, Joel and Kretzschmar, Ilona},
title = {{Molecular dynamics simulations of the evaporation of particle-laden droplets}},
journal = {Physical Review E},
year = {2013},
volume = {87},
number = {5},
month = may
}

@article{Scheinberg:2019vu,
author = {Scheinberg, K},
title = {{A Theoretical and Empirical Comparison of Gradient Approximations in Derivative-Free Optimization 
}},
year = {2019},
pages = {1--33},
month = may
}

@article{Majumder:2012dk,
author = {Majumder, Mainak and Rendall, Clint S and Eukel, J Alexander and Wang, James Y L and Behabtu, Natnael and Pint, Cary L and Liu, Tzu-Yu and Orbaek, Alvin W and Mirri, Francesca and Nam, Jaewook and Barron, Andrew R and Hauge, Robert H and Schmid, Howard K and Pasquali, Matteo},
title = {{Overcoming the ``Coffee-Stain'' Effect by Compositional Marangoni-Flow-Assisted Drop-Drying}},
journal = {The Journal of Physical Chemistry B},
year = {2012},
volume = {116},
number = {22},
pages = {6536--6542},
month = jun
}

@article{Yen:2018ea,
author = {Yen, Tony M and Fu, Xin and Wei, Tao and Nayak, Roshan U and Shi, Yuesong and Lo, Yu-Hwa},
title = {{Reversing Coffee-Ring Effect by Laser-Induced Differential Evaporation}},
journal = {Scientific Reports},
year = {2018},
volume = {8},
month = feb
}

@article{Wang:2018aa,
author = {Di Wang and Xu, Jinhui},
title = {{Large Scale Constrained Linear Regression Revisited: Faster Algorithms via Preconditioning}},
journal = {Association for the Advancement of Artificial Intelligence},
year = {2018}
}

@article{Roosta-Khorasani:2016aa,
author = {Roosta-Khorasani, Farbod and Mahoney, Michael W},
title = {{Sub-Sampled Newton Methods I: Globally Convergent Algorithms}},
journal = {arXiv eprint},
year = {2016}
}

@article{avron:2018aa,
author = {Avron, Haim},
title = {{sketching structured matrices in nonlinear regression problems}},
journal = {US patent},
year = {2018}
}

@article{Iyer:2016aa,
author = {Iyer, Chander and Avron, Haim and Kollias, Georgios and Ineichen, Yves and Carothers, Christopher and Drineas, Petros},
title = {{A randomized least squares solver for terabyte-sized dense overdetermined systems}},
journal = {Journal of Computational Science},
year = {2016},
month = oct
}

@article{Bell:2015tg,
author = {Bell, Jordan},
title = {{Khinchin{\textquoteright}s inequality and Etemadi{\textquoteright}s inequality}},
year = {2015},
pages = {1--6},
month = sep
}

@article{Amari:2012wca,
author = {Amari, Shu-ichi},
title = {{\textbf{Natural Gradient Works Efficiently in Learning }}},
year = {2012},
pages = {1--36},
month = mar
}

@inproceedings{10.1109/FOCS.2006.37,
author = {Sarlos, Tamas},
title = {{Improved Approximation Algorithms for Large Matrices via Random Projections}},
booktitle = {Proceedings of the 47th Annual IEEE Symposium on Foundations of Computer Science},
year = {2006},
pages = {143--152},
publisher = {IEEE Computer Society},
address = {USA}
}

@article{ISI:000317400500004,
author = {Crivoi, A and Duan, Fei},
title = {{Amplifying and attenuating the coffee-ring effect in drying sessile nanofluid droplets}},
journal = {Physical Review E},
year = {2013},
volume = {87},
number = {4},
month = apr
}

@article{Dirksen:2014wl,
author = {Dirksen, Sjoerd},
title = {{DIMENSIONALITY REDUCTION WITH SUBGAUSSIAN MATRICES: A UNIFIED THEORY 
}},
year = {2014},
pages = {1--23},
month = feb
}

@article{Mensch:2017js,
author = {Mensch, Arthur and Mairal, Julien and Thirion, Bertrand and Varoquaux, Gael},
title = {{Stochastic Subsampling for Factorizing Huge Matrices}},
journal = {IEEE Transactions on Signal Processing},
year = {2017},
volume = {66},
number = {1},
pages = {113--128},
month = nov
}

@article{Jiang:2016jc,
author = {Jiang, Congbiao and Zhong, Zhiming and Liu, Baiquan and He, Zhiwei and Zou, Jianhua and Wang, Lei and Wang, Jian and Peng, JunBiao and Cao, Yong},
title = {{Coffee-Ring-Free Quantum Dot Thin Film Using Inkjet Printing from a Mixed-Solvent System on Modified ZnO Transport Layer for Light-Emitting Devices}},
journal = {ACS Applied Materials and Interfaces},
year = {2016},
volume = {{8}},
number = {{39}},
pages = {{26162--26168}},
month = oct
}

@article{Deegan:1996vl,
author = {Deegan, Robert D and Bakajin, Olgica and Nagel, Sidney R and Witten, Thomas},
title = {{Coffee Rings: Solute Deposits at the Contact Line of a Drying Sessile Drop}},
journal = {APS March Meeting Abstracts},
year = {1996},
month = mar
}

@article{TROPP:2011aa,
author = {TROPP, JOEL A},
title = {{IMPROVED ANALYSIS OF THE SUBSAMPLED RANDOMIZED HADAMARD TRANSFORM}},
journal = {Advances in Adaptive Data Analysis},
year = {2011},
volume = {03},
number = {01n02},
pages = {115--126},
month = apr
}

@article{Foster:2014vq,
author = {Foster, Leslie V and Davis, Tim},
title = {{Algorithm 933: Reliable Calculation of Numerical Rank, Null Space Bases, Pseudoinverse Solutions, and Basic Solutions using SuiteSparseQR}},
year = {2014},
pages = {1--25},
month = jan
}

@article{Kim:2008er,
author = {Kim, Seung-Jean and Koh, K and Lustig, M and Boyd, Stephen and Gorinevsky, Dimitry},
title = {{An Interior-Point Method for Large-Scale -Regularized Least Squares}},
journal = {IEEE Journal of Selected Topics in Signal Processing},
year = {2008},
volume = {1},
number = {4},
pages = {606--617},
month = jan
}

@inproceedings{10.1145/1132516.1132597,
author = {Ailon, Nir and Chazelle, Bernard},
title = {{Approximate nearest neighbors and the fast Johnson-Lindenstrauss transform}},
booktitle = {the thirty-eighth annual ACM symposium},
year = {2006},
pages = {557},
publisher = {ACM Press},
address = {New York, New York, USA}
}

@article{Necoara:2018io,
author = {Necoara, I and Nesterov, Yu and Glineur, F},
title = {{Linear convergence of first order methods for non-strongly convex optimization}},
journal = {Mathematical Programming},
year = {2018},
volume = {175},
number = {1},
pages = {69--107},
month = jan
}

@article{Berahas:2016vz,
author = {Berahas, Albert and Nocedal, Jorge and Tak{\'a}{\v c}, Martin},
title = {{A Multi-Batch L-BFGS Method for Machine Learning 
}},
year = {2016},
pages = {1--31},
month = oct
}

@article{Heath:1982uh,
author = {Heath, Michael},
title = {{SOME EXTENSIONS OF AN ALGORITHM FOR SPARSE LINEAR LEAST SQUARES PROBLEMS 
}},
year = {1982},
pages = {1--15},
month = nov
}

@article{10.1145/3019134,
author = {Clarkson, Kenneth L and Woodruff, David P},
title = {{Low-Rank Approximation and Regression in Input Sparsity Time}},
journal = {J. ACM},
year = {2017},
volume = {63},
number = {6},
month = jan
}

@article{Ailon:2008aa,
author = {Ailon, Nir and Liberty, Edo},
title = {{Fast Dimension Reduction Using Rademacher Series on Dual BCH Codes}},
journal = {Discrete and Computational Geometry},
year = {2008},
volume = {42},
number = {4},
pages = {615--630},
month = sep
}

@article{Davis_2011,
author = {Davis, Timothy A and Hu, Yifan},
title = {{The university of Florida sparse matrix collection}},
journal = {ACM Transactions on Mathematical Software},
year = {2011},
volume = {38},
number = {1},
pages = {1--25},
month = nov
}

@article{Bjorck:1996uz,
author = {Bjorck, Ake},
title = {{Numerical Methods for Least Squares Problems}},
year = {1996},
pages = {1--14},
month = jun
}

@article{Brbic:2018dy,
author = {Brbic, Maria and Kopriva, Ivica},
title = {{$\ell$₀-Motivated Low-Rank Sparse Subspace Clustering}},
journal = {IEEE Transactions on Cybernetics},
year = {2018},
pages = {1--15},
month = dec
}

@article{Gurbuzbalaban:2019vy,
author = {G{\"u}rb{\"u}zbalaban, M},
title = {{CONVERGENCE RATE OF INCREMENTAL GRADIENT AND INCREMENTAL NEWTON METHODS 
}},
year = {2019},
pages = {1--24},
month = jun
}

@article{Hong:2015ho,
author = {Hong, Mingyi and Razaviyayn, Meisam and Luo, Zhi-Quan and Pang, Jong-Shi},
title = {{A Unified Algorithmic Framework for Block-Structured Optimization Involving Big Data: With applications in machine learning and signal processing}},
journal = {IEEE Signal Processing Magazine},
year = {2015},
volume = {33},
number = {1},
pages = {57--77},
month = dec
}

@article{Popescu:2012gn,
author = {Popescu, M N and Oshanin, G and Dietrich, S and Cazabat, A-M},
title = {{Precursor films in wetting phenomena}},
journal = {JOURNAL OF PHYSICS-CONDENSED MATTER},
year = {2012},
volume = {24},
number = {24},
month = jun
}

@article{Anonymous:QGqi6h-Q,
title = {{Laplacian}},
year = {2008},
pages = {1--25},
month = nov
}

@article{Sun:2015cd,
author = {Sun, Jiazhen and Bao, Bin and He, Min and Zhou, Haihua and Song, Yanlin},
title = {{Recent Advances in Controlling the Depositing Morphologies of Inkjet Droplets}},
journal = {ACS Applied Materials and Interfaces},
year = {2015},
volume = {7},
number = {51},
pages = {28086--28099},
month = dec
}

@article{deGraaf:2018ue,
author = {de Graaf, J and Poon, W C K and Haughey, M J and Hermes, M},
title = {{Hydrodynamics strongly affect the dynamics of colloidal gelation but not gel structure 
}},
year = {2018},
pages = {1--7},
month = aug
}

@article{Anonymous:QeVrqp4i,
title = {{Lecture 3 Polyhedra}},
year = {2014},
pages = {1--30},
month = jun
}

@article{Rudi:2016ud,
author = {Rudi, Alessandro},
title = {{Less is More: Nystrom Computational Regularization }},
year = {2016},
pages = {1--31},
month = mar
}

@article{Raskutti:2015ab,
author = {{Raskutti} and {Mahoney}},
title = {{Statistical and Algorithmic Perspectives on Randomized Sketching for Ordinary Least-Squares}},
journal = {arXiv eprint},
year = {2015}
}

@article{Drineas:2006gb,
author = {Drineas, Petros and Kannan, Ravi and Mahoney, Michael W},
title = {{Fast Monte Carlo Algorithms for Matrices II: Computing a Low-Rank Approximation to a Matrix}},
journal = {SIAM Journal on Computing},
year = {2006},
volume = {36},
number = {1},
pages = {158--183},
month = jan
}

@article{yu:2016ws,
author = {yu, peng and Yang, Jiyan and Mahoney, Michael W},
title = {{Sub-sampled Newton Methods with Non-uniform Sampling 
}},
year = {2016},
pages = {1--28},
month = jul
}

@article{Hwang:2017cd,
author = {Hwang, In Gyu and Kim, Jin Young and Weon, Byung Mook},
title = {{Droplet evaporation with complexity of evaporation modes}},
journal = {Applied Physics Letters},
year = {2017},
volume = {110},
number = {3},
pages = {031602},
month = jan
}

@article{Benzi:2002bb,
author = {Benzi, Michele},
title = {{Preconditioning Techniques for Large Linear Systems: A Survey}},
journal = {Journal of Computational Physics},
year = {2002},
volume = {182},
number = {2},
pages = {418--477},
month = nov
}

@article{Drew:1983wb,
author = {Drew, D A},
title = {{Mathematical Modeling of Two-Phase Flow}},
year = {1983},
pages = {1--31},
month = aug
}

@article{Defazio:2014wg,
author = {Defazio, Aaron},
title = {{Finito: A Faster, Permutable Incremental Gradient Method for Big Data Problems 
2014}},
year = {2014},
pages = {1--9},
month = jul
}

@article{Keskar:2017tz,
author = {Keskar, Nitish Shirish and {others}},
title = {{ON LARGE-BATCH TRAINING FOR DEEP LEARNING: GENERALIZATION GAP AND SHARP MINIMA 
}},
year = {2017},
pages = {1--16},
month = feb
}

@article{Davis:2010uy,
author = {Davis, Timothy A},
title = {{Davis, fill-reducing orderings
}},
year = {2010},
pages = {1--36},
month = jul
}

@article{ISI:A1984SH49700001,
author = {BRYANT, J and ZILLMANN, D},
title = {{USING TELEVISION TO ALLEVIATE BOREDOM AND STRESS - SELECTIVE EXPOSURE AS A FUNCTION OF INDUCED EXCITATIONAL STATES}},
journal = {JOURNAL OF BROADCASTING},
year = {1984},
volume = {28},
number = {1},
pages = {1--20}
}

@article{Meng:2014aa,
author = {Meng, Xiangrui and Saunders, Michael A and Mahoney, Michael W},
title = {{LSRN: A Parallel Iterative Solver for Strongly Over- or Underdetermined Systems}},
journal = {SIAM Journal on Scientific Computing},
year = {2014},
volume = {36},
number = {2},
pages = {C95--C118},
month = jan
}

@article{PHILLIPS:2005uf,
author = {PHILLIPS, ESTELLE M and PUGH, DEREK S},
title = {{How to Get a PhD : a Handbook for Students and Their Supervisors}},
year = {2005},
pages = {1--236},
month = mar
}

@article{Anonymous:JC0qV0h4,
title = {{Adversarial Attacks and Defences Competition 
}},
year = {2018},
pages = {1--36},
month = apr
}

@article{Mahoney:2011te,
author = {Mahoney, Michael},
title = {{Randomized algorithms for matrices and data 
}},
year = {2011},
pages = {1--54},
month = nov
}

@article{Man:2016hz,
author = {Man, Xingkun and Doi, Masao},
title = {{Ring to Mountain Transition in Deposition Pattern of Drying Droplets}},
journal = {Physical Review Letters},
year = {2016},
volume = {116},
number = {6},
pages = {066101},
month = feb
}

@article{BELL:1994wr,
author = {BELL, BRADLEY M},
title = {{THE ITERATED KALMAN SMOOTHER AS A GAUSS-NEWTON METHOD 
}},
year = {1994},
pages = {1--11},
month = aug
}

@article{ISI:A1957WD71800003,
author = {HERON, W},
title = {{THE PATHOLOGY OF BOREDOM}},
journal = {SCIENTIFIC AMERICAN},
year = {1957},
volume = {196},
number = {1},
pages = {52--56}
}

@article{Hodges:2010kt,
author = {Hodges, Chris S and Ding, Yulong and Biggs, Simon},
title = {{The influence of nanoparticle shape on the drying of colloidal suspensions}},
journal = {JOURNAL OF COLLOID AND INTERFACE SCIENCE},
year = {2010},
volume = {352},
number = {1},
pages = {99--106},
month = dec
}

@article{FreedBrown:2014jk,
author = {Freed-Brown, Julian},
title = {{Evaporative deposition in receding drops}},
journal = {Soft Matter},
year = {2014},
volume = {10},
number = {47},
pages = {9506--9510}
}

@article{Anonymous:tbEulVfJ,
title = {{Edward O. Wilson - On Human Nature-Harvard University Press (1988)}},
year = {2010},
pages = {1--138},
month = nov
}

@article{ISI:000250969400003,
author = {Goetz, Thomas and Frenzel, Anne C and Pekrun, Reinhard and Hall, Nathan C and Luedtke, Oliver},
title = {{Between- and within-domain relations of students' academic emotions}},
journal = {JOURNAL OF EDUCATIONAL PSYCHOLOGY},
year = {2007},
volume = {99},
number = {4},
pages = {715--733},
month = nov
}

@article{Anonymous:8FjfXPtM,
title = {{arXiv:1710.09400v1 [quant-ph] 25 Oct 2017}},
year = {2017},
pages = {1--19},
month = oct
}

@article{Drineas:2006ia,
author = {Drineas, Petros and Kannan, Ravi and Mahoney, Michael W},
title = {{Fast Monte Carlo Algorithms for Matrices I: Approximating Matrix Multiplication}},
journal = {SIAM Journal on Computing},
year = {2006},
volume = {36},
number = {1},
pages = {132--157},
month = jan
}

@article{Gould:2017fw,
author = {Gould, Nicholas and Scott, Jennifer},
title = {{The State-of-the-Art of Preconditioners for Sparse Linear Least-Squares Problems}},
journal = {ACM Transactions on Mathematical Software},
year = {2017},
volume = {43},
number = {4},
pages = {1--35},
month = mar
}

@article{Beck:2013kt,
author = {Beck, Amir and Tetruashvili, Luba},
title = {{On the Convergence of Block Coordinate Descent Type Methods}},
journal = {SIAM Journal on Optimization},
year = {2013},
volume = {23},
number = {4},
pages = {2037--2060},
month = jan
}

@article{Larson:2014gq,
author = {Larson, Ronald G},
title = {{Transport and deposition patterns in drying sessile droplets}},
year = {2014},
volume = {60},
number = {5},
pages = {1538--1571},
month = may
}

@article{Tekin:2008bu,
author = {Tekin, Emine and Smith, Patrick J and Schubert, Ulrich S},
title = {{Inkjet printing as a deposition and patterning tool for polymers and inorganic particles}},
journal = {Soft Matter},
year = {2008},
volume = {4},
number = {4},
pages = {703--11}
}

@article{Nguyen:2018dv,
author = {Nguyen, Tuan A H and Biggs, Simon R and Nguyen, Anh V},
title = {{Analytical Model for Diffusive Evaporation of Sessile Droplets Coupled with Interfacial Cooling Effect}},
journal = {langmuir},
year = {2018},
volume = {34},
number = {23},
pages = {6955--6962},
month = jun
}

@article{Arriaga:aa,
author = {Arriaga, R I and Vempala, S},
title = {{An algorithmic theory of learning: robust concepts and random projection}},
journal = {40th Annual Symposium on Foundations of Computer Science (Cat. No.99CB37039)},
year = {1999}
}

@article{Carlos:2018tz,
author = {{Carlos}},
title = {{MINUET: A METHOD TO SOLVE SUDOKU PUZZLES BY HAND}},
year = {2018},
pages = {1--12},
month = dec
}

@article{Bousquet:2002wn,
author = {Bousquet, Olivier and Elisseeff, Andre},
title = {{Stability and Generalization}},
year = {2002},
pages = {1--28},
month = feb
}

@article{Boutsidis:2015iq,
author = {Boutsidis, Christos and Zouzias, Anastasios and Mahoney, Michael W and Drineas, Petros},
title = {{Randomized Dimensionality Reduction for <inline-formula> <tex-math notation="LaTeX">$k$ </tex-math></inline-formula>-Means Clustering}},
journal = {IEEE Transactions on Information Theory},
year = {2015},
volume = {61},
number = {2},
pages = {1045--1062},
month = jan
}

@article{Belkin:2019de,
author = {Belkin, Mikhail},
title = {{Reconciling modern machine-learning practice and the classical bias{\textendash}variance trade-off}},
year = {2019},
pages = {1--6},
month = jul
}

@article{Scott:2016aa,
author = {Scott, Jennifer and T u ma, Miroslav},
title = {{Preconditioning of Linear Least Squares by Robust Incomplete Factorization for Implicitly Held Normal Equations}},
journal = {SIAM Journal on Scientific Computing},
year = {2016},
volume = {38},
number = {6},
pages = {C603--C623},
month = jan
}

@article{ISI:000336187100028,
author = {Semenov, Sergey and Trybala, Anna and Rubio, Ramon G and Kovalchuk, Nina and Starov, Victor and Velarde, Manuel G},
title = {{Simultaneous spreading and evaporation: Recent developments}},
journal = {Advances in Colloid and Interface Science},
year = {2014},
volume = {206},
number = {SI},
pages = {382--398},
month = apr
}

@article{Nelson:2013uu,
author = {Nelson, Jelani and Nguyen, Huy L},
title = {{Lower Bounds for Oblivious Subspace Embeddings}},
year = {2013},
pages = {1--14},
month = aug
}

@article{Garg:2018vo,
author = {Garg, Ankit and lee, yin tat and Song, Zhao and Srivastava, Nikhil},
title = {{A Matrix Expander Chernoff Bound 
}},
year = {2018},
pages = {1--28},
month = apr
}

@article{Avron:2014aa,
author = {Avron, Haim and {others}},
title = {{Subspace Embeddings for the Polynomial Kernel}},
journal = {Advances in Neural Information Processing Systems 27 (NIPS 2014)},
year = {2014}
}

@article{Anthony:2010tu,
author = {Anthony, Martin and Bartlett, Peter L},
title = {{Neural Network Learning: Theoretical Foundations}},
year = {2010},
pages = {1--404},
month = jul
}

